4456 6202
1088 331 1319 390 PROOEMIVM.

595 556 762 624 clausula:
794 561 1040 640 Explicilsssacs
1067 575 1141 622 rasa
1164 556 1399 624 videturesse.
1446 559 1560 624 Insunt
1582 566 1750 644 praetcrea
1772 558 1865 625 Vitae
1888 557 1945 623 fol.
1971 551 2022 621 25'

593 660 749 744 Medendi,
784 660 841 726 101.
863 657 914 724 28'
938 661 1074 728 Vedasti
1096 661 1331 745 antiquissima,
1357 661 1652 746 1014980000144,
1679 661 1734 728 fol.
1758 667 1799 727 50
1823 660 2020 728 Laudiberti.

594 803 639 814 -
660 764 766 832 Waitz
789 765 931 832 contulit.
1647 843 1649 846 ¹

545 868 655 937 Oodex
678 869 713 935 S.
738 868 877 954 Benigni
899 868 1116 950 Divionensis,
1143 889 1206 953 quo
1228 867 1434 936 Bollandiani
1456 869 1508 936 usi
1530 876 1616 938 sunt.

547 973 658 1041 Codex
681 971 906 1039 chiffletianus
929 974 970 1039 ab
991 971 1108 1039 iisdem
1131 971 1308 1038 adhibitus.

545 1075 655 1142 Codex
677 1075 869 1144 Parisiensis
892 1077 1027 1143 Ladmus
1050 1096 1098 1142 nr.
1120 1079 1215 1160 5596,
1243 1077 1320 1142 0140
1342 1076 1547 1143 Colbertinus
1569 1098 1618 1143 nr.
1637 1081 1732 1158 5432,
1759 1078 2026 1143 membranaceus

596 1179 718 1246 formae
740 1185 886 1264 octavae,
913 1200 1000 1247 saec.
1018 1179 1067 1245 IX
1089 1178 1227 1266 scriptus
1250 1177 1425 1246 401.1’-7
1450 1180 1557 1246 Vitam
1580 1179 1726 1247 Remedii
1750 1179 1900 1262 continet,
1926 1199 2025 1262 quam

492 1345 493 1348 ,
594 1283 744 1349 librarius
773 1283 927 1369 posterior
956 1282 1112 1350 adalind
1135 1285 1300 1368 exemplar
1327 1284 1387 1370 (02)
1415 1283 1609 1351 emendavit.
1656 1283 1726 1350 Fal.
1754 1286 1771 1346 7
1795 1283 1911 1368 partim
1934 1282 2025 1348 lace-

594 1393 698 1453 ratum
721 1387 803 1454 liber
825 1387 986 1454 Historiae
1008 1389 1204 1453 Francorum
1227 1387 1372 1470 sequitur
1399 1389 1450 1471 (=
1470 1385 1526 1471 11).
1563 1386 1818 1472 orthographica
1839 1405 1922 1469 quae
1945 1405 2026 1472 sup-

594 1490 697 1575 pressi
720 1497 794 1557 sunt
815 1490 911 1557 haec:
939 1495 1077 1571 vaesani,
1100 1494 1312 1574 filicissimnna,
1339 1493 1501 1575 deceperat,
1529 1501 1685 1572 certatam,
1713 1493 1851 1554 volvetur
1876 1489 2020 1575 (praes),

594 1597 760 1677 velocitate,
787 1604 941 1679 certatym,
969 1600 1046 1659 viclo
1068 1615 1125 1680 pro
1148 1599 1240 1677 victa,
1268 1599 1386 1680 iniquos
1415 1595 1536 1679 (nom),
1569 1597 1777 1675 adhuliscens,
1802 1595 2021 1673 adtulisceate,

594 1700 792 1779 helimasinis,
819 1700 872 1763 hos
894 1718 953 1784 pro
975 1719 1022 1780 os,
1049 1702 1136 1780 ostis,
1163 1701 1348 1782 contullerat,
1376 1709 1522 1783 rapptas,
1547 1699 1643 1780 fuiss,
1667 1701 1857 1781 prolisitule,
1883 1698 1950 1779 qod.
1981 1732 2027 1743 -

594 1800 699 1868 Waitu
722 1800 866 1868 eontulit.

549 1904 660 1972 Codex
683 1905 904 1972 Bruxellensis
926 1927 975 1971 nr.
995 1908 1089 1988 7882,
1117 1906 1382 1974 membranaceus
1405 1925 1491 1973 saec.
1510 1906 1558 1972 XI
1573 1905 1618 1972 10.
1644 1905 1781 1990 scriptus
1804 1905 1890 1970 idem
1913 1909 1964 1970 est
1986 1924 2027 1969 ac

597 2007 883 2075 Bollandianorum
906 2010 1008 2076 codex
1031 2011 1067 2075 P.
1092 2010 1153 2076 Ms.
1180 2014 1212 2094 9,
1238 2031 1333 2094 quem
1361 2013 1533 2076 ί00040000
1556 2010 1732 2096 appellant.
1783 2013 1914 2092 Corpore
1938 2008 2026 2073 enim

594 2133 652 2198 pro
674 2115 775 2196 corde,
801 2113 888 2197 quod
908 2112 994 2179 inira
1016 2135 1050 2199 p.
1077 2117 1128 2196 64,
1149 2125 1182 2175 aa
1205 2113 1384 2180 intextum
1407 2120 1604 2200 receperunt,
1631 2114 1665 2180 in
1687 2113 1776 2180 nullo
1799 2113 1882 2179 libro
1904 2110 1967 2177 nisi
1991 2111 2026 2178 in

532 2271 533 2274 ,
593 2216 620 2280 Β
643 2216 770 2300 legitur.
795 2253 839 2264 -
860 2216 965 2282 Arndt
986 2217 1113 2282 initium
1136 2217 1316 2302 exscripsit.

547 2320 657 2389 Oodex
672 2318 943 2404 wirziburgensis
958 2320 1024 2405 Mp.
1044 2321 1105 2386 Th.
1132 2321 1156 2386 f.
1176 2324 1228 2403 34,
1254 2320 1518 2388 membranaceus
1534 2320 1656 2387 formae
1671 2319 1860 2404 quadratae,
1887 2338 1974 2385 saec.
1993 2318 2026 2383 X

594 2424 628 2490 in
647 2423 841 2492 monasterio
857 2424 1161 2509 Weissenburgensi
1182 2424 1319 2510 scriptus
1340 2424 1405 2508 (fol.
1425 2420 1453 2488 2‘
1471 2424 1571 2491 verba
1590 2426 1680 2488 Liber
1695 2426 1924 2487 monasteriis.
1945 2426 2029 2486 Petri

595 2532 627 2592 in
648 2528 846 2614 Wissenbarp
860 2527 1026 2614 adscripta
1040 2529 1123 2610 sunt)
1150 2524 1371 2594 101.36’-40
1394 2527 1500 2595 Vitam
1524 2527 1671 2594 Remedii
1694 2526 1844 2609 continet,
1869 2546 1966 2610 quam
1983 2525 2023 2590 V.

598 2630 714 2698 Goaris
737 2631 913 2717 praecedit,
942 2631 1073 2697 Nazarii
1097 2631 1250 2717 sequitur.
1297 2632 1446 2718 Cupitum
1469 2632 1594 2698 numeri
1615 2639 1729 2717 postea
1751 2629 1855 2697 additi
1878 2635 1962 2695 sunt.
1982 2667 2027 2677 —

597 2734 729 2802 Librum
752 2734 939 2802 Berolinum
961 2735 1118 2802 benevole
1141 2735 1364 2802 tansmissum
1387 2735 1458 2821 ipse
1481 2736 1613 2802 contuli.

547 2838 657 2906 Codex
680 2838 902 2904 Bruxellensis
924 2860 972 2905 nr.
999 2841 1224 2921 9636-9637,
1255 2859 1342 2906 saec.
1367 2840 1417 2904 XI
1439 2838 1577 2924 scriptus
1600 2839 1655 2905 fol.
1682 2843 1723 2904 54
1746 2837 1852 2903 Vitam
1876 2835 2026 2902 Remedii

596 2943 752 3024 continet,
778 2962 861 3025 quae
883 2942 918 3008 in
939 2942 1062 3009 verbis:
1097 2947 1155 3007 Det
1176 2947 1267 3007 etiam
1289 2945 1460 3026 deprecatio
1483 2947 1550 3007 eius
1572 2945 1759 3028 peneraliter
1781 2945 1813 3005 in
1836 2943 1889 3005 hcc
1911 2941 2027 3002 mande

592 3049 680 3130 pacis
697 3055 843 3129 tempora,
868 3050 923 3132 qui
932 3050 1083 3130 promittit
1097 3050 1186 3112 iustis
1203 3057 1340 3111 aeterna.
1379 3047 1474 3111 Amen
1490 3046 1618 3113 desinit.
1659 3047 1855 3130 Sequuntur:
1885 3047 2027 3122 Qiaalitcr

594 3152 690 3214 abitas
713 3153 765 3215 sui
785 3153 863 3214 diem
886 3155 915 3215 ei
935 3153 1074 3217 dominas
1097 3155 1246 3216 revelavit
1264 3151 1393 3236 aliaque
1408 3171 1426 3218 e
1441 3151 1523 3217 libro
1537 3149 1703 3218 Hiucmari
1719 3150 1830 3235 petita.
1855 3185 1897 3196 -
1919 3146 2027 3213 Arndt

596 3252 739 3319 codicem
761 3253 914 3339 inspexit.
1596 3345 1597 3348 Ἴ

474 3392 562 3458 Inter
589 3390 716 3458 codices
745 3411 816 3458 cum
840 3391 896 3459 ed
924 3399 957 3459 et
979 3399 1086 3460 aetate
1109 3392 1272 3460 emineant
1294 3398 1327 3458 et
1348 3390 1437 3458 nullo
1460 3392 1590 3458 vinculo
1611 3390 1695 3458 inter
1718 3410 1753 3456 se
1776 3389 2022 3472 coniungantur,

388 3531 545 3578 consensu
575 3531 684 3578 eoram
714 3531 766 3578 res
795 3510 907 3579 decisa
935 3519 996 3579 est.
1043 3513 1105 3580 Vbi
1134 3514 1218 3580 inter
1246 3491 1416 3595 utrumque
1439 3512 1685 3598 disceptandum
1708 3517 1793 3592 erat,
1828 3528 2025 3594 quamquam

389 3633 418 3698 G
440 3631 542 3718 pluris
564 3632 753 3715 aestimavi,
779 3633 897 3719 quippe
920 3633 976 3716 qui
998 3654 1109 3700 verum
1131 3654 1372 3718 nonnumquam
1394 3633 1483 3700 solus
1506 3631 1692 3713 servaverit,
1720 3638 1755 3699 ut
1776 3631 1862 3697 iufra
1881 3652 1915 3715 p.
1934 3635 1988 3712 65,
2009 3643 2027 3692 0

389 3758 487 3836 euceri,
514 3760 622 3820 100000
644 3773 708 3819 000
730 3754 838 3824 omnia
859 3774 942 3838 quae
964 3755 997 3820 in
1020 3775 1059 3820 eo
1082 3762 1192 3821 canna
1213 3753 1456 3840 grammaticam
1478 3760 1614 3840 peccant
1634 3751 1835 3820 admittenda
1856 3769 1929 3817 esse
1945 3750 2027 3817 duxi

393 3874 438 3958 (04
460 3893 567 3959 praes.
593 3876 728 3958 desistet,
751 3885 886 3958 petetur,
912 3895 998 3942 nom.
1024 3879 1176 3960 antiquas,
1200 3877 1335 3959 facinus,
1362 3877 1552 3958 tranquilla,
1578 3875 1807 3959 sollemnitatis),
1832 3872 2026 3958 praesertim

389 4015 460 4060 cum
488 3992 543 4061 hic
570 3995 639 4060 illic
664 4001 772 4062 textus
795 3994 825 4061 (1
853 3995 923 4061 0400
953 3995 1052 4062 dubio
1074 4002 1196 4062 temere
1217 4001 1360 4062 mutatus
1383 3995 1434 4062 sit.
1481 3995 1632 4080 Exempli
1655 3994 1761 4078 gratia
1782 3999 1892 4060 contra
1912 3999 2027 4059 auoto-

388 4115 515 4181 ritatem
544 4115 740 4199 reliquorum
769 4115 922 4182 librorum
951 4115 1144 4202 saepissime
1173 4137 1231 4202 pro
1253 4116 1409 4183 Remedio
1439 4118 1490 4180 illc
1518 4115 1657 4200 scripsit.
1705 4115 1762 4180 DE
1786 4113 2027 4180 consentientes

388 4236 529 4322 pessime
556 4233 725 4320 depravati
754 4242 842 4318 sunt;
876 4237 903 4301 s
930 4257 1170 4322 nonnumquam
1199 4238 1321 4304 cumO
1352 4235 1510 4303 convenit.
1558 4235 1696 4302 Codices
1719 4234 1788 4302 C¹B
1818 4234 1931 4300 eodem
1955 4234 2028 4301 loco

388 4356 480 4422 hiant
515 4356 566 4440 (cf.
590 4357 677 4422 iufra
698 4379 731 4442 p.
750 4361 801 4440 66,
822 4358 868 4440 11;
903 4356 986 4423 alias
1009 4357 1049 4424 0¹
1079 4377 1151 4424 cum
1173 4359 1214 4423 W
1243 4357 1409 4440 convenit,
1443 4356 1520 4423 dum
1549 4357 1591 4424 0²
1617 4355 1704 4422 infra
1726 4378 1758 4442 p.
1784 4359 1834 4437 66,
1861 4367 1877 4418 9
1900 4356 2027 4421 cumE

387 4476 488 4544 verba
509 4483 628 4576 aoniae
650 4481 821 4544 benedictas
844 4478 984 4563 supplet.

541 4601 750 4681 Mambritius,
779 4602 1013 4681 Sanctnarinm,
1041 4601 1206 4665 Mediolani
1228 4600 1383 4684 (11767),
1417 4599 1458 4682 ΙΙ,
1487 4602 1549 4663 240
1582 4597 1755 4664 editionem
1781 4596 1959 4682 prinoipem
1983 4597 2028 4664 ad

597 4702 741 4771 codicem
765 4702 790 4769 (l
814 4702 950 4769 similem
973 4702 1146 4769 recensuit.

545 4810 672 4890 Sarius,
698 4811 742 4870 Dc
762 4809 900 4890 prodatis
923 4817 1100 4872 sanctorum
1122 4809 1267 4888 historiis,
1297 4808 1551 4890 001001001574,
1575 4805 1615 4888 V,
1635 4809 1708 4887 489,
1734 4809 1858 4871 textum
1872 4804 2030 4872 Mambri-

593 4911 715 4977 tianum
738 4909 902 4977 nonnullis
924 4909 1004 4976 locis
1026 4909 1172 4977 0010011.

542 5017 756 5093 Bollandiani,
791 5014 867 5079 Acta
890 5024 1083 5095 sanctorum,
1117 5013 1302 5098 Antvapiac
1326 5015 1421 5092 1766,
1459 5015 1486 5075 4.
1513 5011 1583 5078 Oct.
1609 5013 1635 5090 1,
1664 5015 1724 5077 128
1749 5009 1913 5078 codicibus
1936 5011 2029 5078 DEB

593 5119 655 5204 usi,
680 5124 804 5185 textum
826 5117 931 5202 magis
955 5124 1163 5204 corruperunt
1185 5137 1282 5202 quam
1305 5115 1568 5182 emendaverunt.

544 5224 738 5308 Glesqniire,
764 5219 841 5286 Acta
863 5231 1037 5286 sanctorum
1061 5225 1167 5307 Belpii,
1195 5223 1358 5284 Bruoeellis
1384 5221 1479 5300 4785,
1504 5218 1532 5298 Ι,
1559 5222 1617 5282 504
1650 5225 1681 5285 04
1708 5219 1804 5282 Lucil
1825 5238 1859 5301 p.
1886 5220 1946 5282 113
1976 5220 2031 5302 (-.—.

593 5331 694 5411 Mipnc
715 5323 930 5406 LXXXVIII,
958 5345 990 5409 p.
1018 5327 1090 5408 527)
1117 5331 1240 5393 textum
1264 5321 1548 5390 Bollandianorum
1571 5321 1802 5406 repetiverunt.
