4478 6188
802 337 1019 395 SPVRIORVld
1038 337 1242 394 APPENDIX.

415 524 517 605 Quam
540 527 687 594 Christus
709 529 836 615 aperuit

415 630 458 697 ad
479 631 624 714 gentium
647 632 800 714 salutem,

416 734 507 799 cuius
529 734 652 800 salubri
674 755 750 800 cura

415 837 498 903 redit
520 845 638 904 novata
660 839 797 924 plasma.

414 1044 567 1110 Accedite
589 1065 666 1128 crgo
689 1044 777 1128 digni

1134 551 1164 592 rs
1219 532 1279 598 Hic
1300 552 1420 616 gurges
1443 539 1493 597 est
1513 531 1628 598 fideles

1218 655 1361 720 purgans
1385 635 1507 718 liquore
1529 642 1664 701 mentes.

1219 738 1294 803 dum
1317 759 1388 805 rore
1411 759 1528 824 corpus
1550 738 1663 818 sudat,

1217 847 1350 925 peccata
1372 842 1470 924 tergit
1491 841 1598 908 unda„

1219 1047 1367 1113 Gaudete
1390 1048 1570 1128 candidati,

415 1147 457 1212 ad
480 1149 615 1231 gratiam
640 1149 779 1230 lavacri,

415 1272 478 1333 quio
501 1251 587 1317 fonte
610 1252 745 1319 recreati

317 1401 320 1412 ,
416 1354 604 1437 refulgeatis
626 1355 715 1439 agni.

1134 1171 1164 1210 no
1219 1150 1323 1216 electa
1345 1171 1425 1216 vasa
1446 1152 1556 1236 regni,

1218 1255 1251 1318 in
1275 1261 1376 1320 morte
1399 1256 1595 1340 consepulti,

1219 1358 1338 1424 Christi
1361 1358 1424 1424 fide
1447 1359 1559 1424 renati.

1010 1669 1037 1733 V

726 1851 728 1856 ·
777 1823 805 1888 Ο
827 1823 1008 1906 redemptor
1031 1844 1121 1891 sume
1145 1846 1272 1891 armen

778 1934 875 1992 temet
897 1927 1141 1993 concinentium.

1218 2137 1258 2201 Vt
1279 2143 1413 2202 novetur
1436 2157 1532 2203 sexus
1554 2137 1657 2201 omnis

1132 2259 1162 2300 no
1216 2241 1364 2307 unctione
1387 2240 1582 2322 chrismatis,

1063 2336 1070 2345 ’
1216 2344 1384 2410 medeatur
1405 2345 1551 2409 sauciata

1216 2446 1384 2531 dignitatis
1406 2447 1520 2530 gloria.

415 2132 517 2214 Audi,
544 2132 643 2199 iudex
666 2141 876 2216 mortuorum,

416 2257 479 2301 una
501 2255 576 2321 spes
599 2237 798 2319 mortalium,

414 2339 491 2404 audi
512 2359 607 2406 voces
630 2339 846 2425 proferentum

413 2442 531 2508 donum
554 2444 644 2529 pacis
667 2445 845 2529 praevium,

1218 2654 1298 2718 Lcta
1319 2661 1427 2721 mente
1450 2674 1539 2720 sacro
1562 2655 1649 2721 fonte

1215 2756 1412 2840 aufugantur
1434 2757 1584 2841 crimina,

1131 2878 1161 2918 ²⁵
1215 2868 1313 2926 uncta
1333 2861 1437 2927 fronte
1460 2869 1663 2927 sacrosancta

1214 2961 1352 3029 influunt
1373 2964 1581 3032 charismata.

412 2650 517 2716 Arbor
539 2650 607 2718 feta
629 2651 716 2717 alma
738 2653 809 2720 luce

413 2754 472 2820 hoc
495 2754 686 2820 sacrandum
709 2755 855 2840 protulit,

413 2857 476 2924 fert
497 2857 557 2924 hoc
579 2879 679 2943 prona
700 2878 856 2944 praesens
879 2860 973 2925 turba

414 2962 566 3027 salvatori
589 2962 721 3028 saeculi.
1029 2963 1031 2968 ’

413 3169 509 3236 Stans
532 3169 575 3235 ad
598 3190 687 3235 aram
710 3171 807 3234 immo
829 3171 968 3254 supplex

412 3271 567 3338 infulatus
589 3273 733 3358 pontifex

412 3376 555 3442 debitum
579 3377 735 3461 persolvit
757 3397 849 3442 omne

412 3487 596 3546 consecrato
619 3481 802 3546 chrismate.

1217 3170 1321 3236 Corde
1343 3177 1438 3236 natus
1461 3191 1502 3236 ex
1525 3172 1683 3256 parentis,

1216 3274 1325 3339 alvum
1347 3273 1487 3358 implens
1509 3274 1660 3358 virginis,

1216 3386 1346 3462 praesta
1368 3379 1489 3460 lucem,
1516 3378 1630 3444 claude
1654 3385 1785 3442 mortem

1132 3503 1137 3536 τ
1217 3480 1399 3546 chrismatis
1422 3480 1630 3546 consortibus.

1217 3689 1266 3753 Sit
1287 3688 1358 3753 dies
1379 3688 1461 3753 haec
1482 3687 1566 3753 festa
1588 3688 1680 3753 nobis

1217 3793 1416 3857 saeculorum
1441 3792 1598 3857 saeculis:

1217 3895 1259 3960 sit
1280 3902 1408 3961 sacrata
1430 3895 1530 3978 digna
1552 3894 1648 3961 laude

1216 4019 1276 4064 nec
1300 4006 1447 4065 senescat
1469 4005 1622 4084 tempore.

346 3711 358 3748 u
412 3687 608 3754 Consecrure
631 3694 665 3752 tu
688 3687 838 3771 dignare,

411 3812 468 3857 rex
491 3791 643 3876 perennis
666 3792 807 3876 patriae,

411 3895 471 3960 boc
494 3895 632 3979 olivum,
659 3896 786 3980 signum
809 3895 917 3961 vivum

411 4000 482 4065 iura
504 4007 616 4066 contra
637 3999 842 4066 daemonum.

413 4465 542 4531 Fortem
564 4465 692 4532 fidelem
716 4466 867 4548 militem,

415 4569 497 4634 caeli
521 4576 664 4635 secutum
687 4569 882 4656 principem,

414 4671 604 4756 Dionysium
627 4681 799 4758 martyrem

414 4777 507 4860 plebs
530 4775 643 4858 corde,
669 4797 746 4843 voce
769 4786 927 4862 personet.

1217 4466 1382 4532 Clemente
1405 4465 1506 4529 Roma
1528 4467 1678 4549 praesule

1217 4568 1258 4634 ab
1281 4568 1359 4634 urbe
1382 4567 1501 4634 missus
1524 4569 1643 4650 adfuit,

1217 4673 1306 4738 verbi
1329 4672 1458 4757 superni
1482 4674 1614 4739 seminis

1217 4783 1253 4842 ut
1275 4776 1396 4843 fructus
1419 4784 1505 4843 esset
1527 4777 1666 4843 Galliae.

275 5054 308 5104 25
327 5055 410 5104 fidelis
428 5056 498 5105 Dua.

278 5143 301 5192 V
394 5141 471 5190 Laeli
486 5157 514 5204 p.
529 5144 563 5190 48
584 5143 632 5205 (11,
655 5143 691 5206 9),
711 5144 839 5193 Daniel!
855 5159 881 5205 p.
897 5146 957 5207 237,
979 5143 1050 5194 Meae
1070 5145 1084 5192 1
1097 5161 1125 5208 p.
1140 5147 1191 5195 102
1294 5144 1413 5206 bpnrmam
1433 5145 1563 5193 Fortunati
1581 5157 1630 5192 ease
1648 5143 1743 5192 indicat
1760 5144 1837 5193 codex

206 5231 305 5279 ritualia
330 5229 449 5280 ecclesiae
469 5229 618 5277 Bisuntinse
641 5232 742 5279 saeculo
760 5244 787 5278 ιι
811 5233 966 5295 conscriptus
989 5236 1016 5280 at
1038 5232 1187 5281 adtenuatus
1212 5233 1238 5280 ln
1257 5231 1369 5279 arehiulo
1387 5230 1536 5279 cathedralis
1555 5230 1674 5278 ecclesiae
1693 5230 1840 5278 Veliternus

206 5319 235 5364 in
254 5330 303 5378 quo
321 5317 413 5377 legitur
431 5317 477 5365 sub
495 5315 541 5364 lroc
559 5315 651 5365 titulo:
672 5329 769 5364 rancus
788 5329 940 5366 ronrvnnrr
959 5332 988 5366 nu
1008 5332 1115 5368 nuruum
1133 5331 1294 5366 cunrsunrrs
1312 5317 1423 5365 Laelius
1539 5316 1568 5366 21
1591 5312 1731 5382 medentur]
1749 5319 1778 5364 ut
1795 5331 1837 5368 uu·

209 5408 283 5452 netur
301 5401 409 5451 laubias
514 5399 547 5450 29
566 5399 664 5469 claude]
682 5402 789 5468 dampna
808 5402 876 5458 Mon.
983 5406 1013 5455 31
1035 5407 1096 5454 haec
1113 5406 1168 5454 dies
1187 5404 1296 5453 Laeliae

277 5489 313 5538 VI
419 5488 496 5536 noent
512 5503 538 5550 p.
554 5490 587 5536 19
608 5489 653 5551 (ΙΙ,
677 5491 730 5553 10),
751 5489 843 5540 Daniel
862 5493 1008 5556 1Vp.107
1125 5491 1262 5540 Hildainas
1280 5489 1358 5538 abdas
1375 5491 1445 5549 epist.
1465 5489 1499 5536 ad
1519 5491 1578 5548 imp.
1601 5486 1754 5536 Ladovicam
1771 5491 1837 5541 virae

206 5577 233 5626 S.
255 5577 367 5640 Dionysii
388 5577 422 5638 (9.
436 5575 524 5638 octob.)
544 5579 681 5637 praemissu
702 5577 797 5638 (rrum
817 5581 866 5627 106
881 5594 908 5640 p.
923 5578 974 5645 90⁶)
997 5581 1020 5628 ei
1043 5578 1169 5640 (Casuaria
1190 5579 1335 5638 coronensi)
1362 5574 1551 5637 cointemporalis
1574 5575 1688 5624 existens
1712 5577 1754 5624 uir
1775 5590 1837 5640 prn-

207 5663 270 5712 dens
289 5669 315 5711 et
333 5662 568 5712 scholasticissimus
587 5663 749 5727 Fortunatus,
772 5667 817 5727 qul
836 5667 906 5729 plura
923 5671 950 5716 et
967 5669 1113 5728 frequentur
1131 5665 1161 5713 ad
1180 5678 1238 5712 enm
1258 5667 1400 5726 scripserat,
1421 5663 1543 5721 hymnum
1561 5661 1717 5721 rhythmicus
1735 5675 1844 5726 scrupo-¹
