4440 6216
832 374 927 431 VITA
947 373 1084 433 SANCTI
1103 371 1305 430 MARCELLI.
1844 381 1883 440 51

255 574 327 636 cata
360 567 472 634 muudi
507 587 624 653 pompa
652 566 706 632 vel
735 566 886 646 crimina,
925 586 996 631 cum
1027 563 1146 631 divinis
1176 563 1274 630 armis
1304 564 1447 631 initiatus
1477 564 1698 648 accingeretur
1727 565 1769 630 ad
1798 585 1889 651 spem

253 671 381 738 felicem
404 671 547 756 palmam
570 671 611 736 de
634 670 726 737 hoste
748 669 878 755 publico
901 670 1072 750 relaturus,
1098 668 1132 734 in
1152 667 1269 734 militia
1284 667 1403 734 Christi
1418 667 1624 734 exercitando
1640 669 1739 734 lector
1754 669 1889 735 effectus

253 783 303 842 cst
330 795 369 842 ac
398 795 434 841 se
463 774 571 860 ipsum
599 774 720 859 templo
744 772 863 840 Christi
893 791 950 857 pro
979 771 1128 856 primitiis
1157 772 1296 837 offerens
1326 771 1413 837 velut
1435 772 1547 838 Abelis
1571 771 1761 837 sacrificium
1783 773 1889 839 hostia

254 878 361 944 victae
384 877 490 945 carnis
514 884 546 944 et
568 897 668 962 puras
691 876 807 942 mentis
830 882 983 960 exceptus
1005 880 1065 940 est.

220 1005 234 1044 a
347 983 406 1066 (16)
435 980 498 1060 Qui
521 979 638 1047 clarior
660 980 808 1046 mercede
830 999 926 1063 quam
948 977 1077 1043 nomine
1101 984 1133 1044 et
1154 979 1266 1043 merito
1289 978 1392 1043 maior
1414 999 1509 1062 quarn
1532 978 1634 1062 gradu
1659 979 1727 1045 sine
1751 979 1889 1045 offendi-
1912 984 1938 1048 V

255 1085 327 1151 culo
361 1105 454 1150 suum
488 1103 605 1168 gerens
635 1082 793 1168 officiumf,
829 1080 998 1168 coepitio
1028 1081 1130 1147 milite
1160 1067 1303 1147 cresccre
1336 1082 1423 1165 quod
1450 1083 1575 1168 accepit
1604 1103 1624 1146 a
1652 1102 1740 1166 rege.
1789 1083 1889 1148 Cuius

254 1188 398 1255 occultae
429 1188 549 1254 diutius
580 1188 669 1252 velut
697 1186 772 1252 vitis
802 1184 954 1270 palmites
985 1191 1159 1268 coeperunt
1188 1183 1378 1250 fructificare
1406 1185 1540 1251 virtutes
1563 1205 1622 1251 nac
1644 1186 1774 1270 pertulit
1796 1187 1828 1250 in
1852 1206 1889 1252 eo

254 1311 314 1358 sua
344 1291 429 1358 dona
451 1290 600 1357 Christus
633 1288 803 1370 abscondi,
837 1287 988 1371 quoniam
1011 1286 1097 1371 quod
1119 1287 1160 1353 de
1184 1306 1309 1352 sursum
1332 1296 1465 1354 venerat
1487 1288 1528 1353 ab
1552 1309 1590 1354 eo
1613 1289 1777 1356 humiliter
1798 1289 1890 1354 ride-

255 1394 349 1461 batur
377 1393 538 1479 amplecti.
593 1395 652 1476 (17]
682 1391 829 1475 Denique
853 1410 925 1455 cum
947 1390 1054 1456 adhuc
1076 1390 1219 1456 clericali
1242 1391 1397 1476 tyrocinio
1420 1392 1596 1474 celaretur,
1630 1392 1793 1457 miraculis
1816 1413 1890 1477 pro-

205 1519 236 1560 ιι
255 1497 341 1563 ditur
370 1505 403 1564 et
431 1497 533 1581 signis
564 1496 761 1563 caelestibus
791 1494 990 1559 inlustratur.
1047 1495 1188 1579 Contigit
1216 1494 1357 1578 quadam
1388 1495 1457 1560 vice
1489 1495 1627 1561 accessit
1656 1496 1699 1560 ad
1728 1495 1888 1561 officinam

255 1600 460 1683 fabricalem‚
493 1601 550 1684 qui
579 1599 745 1684 dispectus
776 1599 817 1662 ab
849 1597 970 1663 artifice
1002 1598 1145 1680 cogitur,
1180 1604 1229 1676 ut,
1264 1605 1407 1664 extracta
1437 1599 1477 1664 de
1507 1599 1640 1664 ardente
1667 1599 1791 1664 camino
1814 1598 1890 1664 ferri

255 1723 364 1770 massa
387 1703 556 1784 candente,
583 1724 681 1768 manu
697 1721 756 1767 aua
771 1701 890 1766 ferrum
907 1720 1078 1766 accensum
1092 1701 1255 1767 attolleret
1269 1710 1301 1767 et
1315 1702 1428 1786 quanti
1444 1709 1530 1768 esset
1545 1701 1697 1787 ponderis
1713 1709 1887 1768 enarraret.

261 1808 323 1892 (18)
352 1808 443 1873 Tunc
464 1807 515 1873 vir
536 1805 744 1873 beatissimus
767 1824 831 1869 non
854 1804 986 1887 ignarus
1009 1811 1109 1870 totum
1133 1804 1173 1870 de
1197 1805 1325 1870 Christo
1350 1825 1556 1892 praesumere
1579 1816 1611 1872 et
1629 1813 1749 1888 quanta
1764 1807 1890 1872 virtutis

257 1929 356 1976 causa
383 1911 424 1977 sit
447 1911 480 1976 in
503 1910 599 1978 rebus
624 1931 689 1976 non
711 1907 858 1994 turpibus
882 1907 1047 1990 oboedire,
1082 1928 1155 1972 mox
1179 1909 1345 1992 subposita
1368 1929 1463 1974 manu
1488 1909 1606 1975 ferrum
1629 1911 1726 1975 altius
1750 1910 1891 1976 elevavit

206 2035 236 2078 ιι
256 2013 382 2080 dicens:
418 2015 467 2080 De
501 2015 607 2080 calore
631 2013 716 2078 calet
737 2010 794 2078 sed
818 2030 932 2076 novem
955 2011 1097 2095 pondera
1120 2011 1227 2076 habet.
1276 2012 1369 2090 Quod
1391 2020 1504 2096 postea
1526 2020 1649 2078 tantum
1673 2013 1713 2077 ad
1737 2019 1889 2078 stateram

255 2117 420 2183 inventum
450 2125 500 2183 est
528 2125 683 2202 quantum
714 2115 785 2180 eius
813 2134 876 2178 vox
902 2114 1018 2179 librata
1047 2114 1263 2198 praedixerat.
1316 2117 1378 2199 (19)
1406 2115 1460 2181 Sic
1488 2116 1522 2180 in
1551 2137 1615 2181 una
1638 2117 1746 2200 specie
1769 2116 1889 2200 duplex

255 2219 443 2286 miraculum
474 2219 680 2304 propagavit,
717 2224 752 2284 ut
781 2237 854 2284 enm
883 2237 944 2283 nec
966 2217 1029 2283 foci
1052 2217 1139 2283 calor
1161 2226 1309 2284 exureret
1336 2239 1395 2284 nec
1418 2219 1493 2285 ferri
1515 2219 1657 2304 pondera
1680 2218 1885 2296 fefellissent,

253 2342 328 2387 narn
359 2323 516 2389 defecatis
546 2323 633 2389 vitiis
664 2322 698 2387 in
729 2339 764 2386 se
793 2321 938 2386 libidinis
966 2341 1119 2404 vaporem
1142 2341 1206 2387 non
1230 2322 1342 2387 habuit
1363 2323 1418 2406 qui
1440 2329 1507 2387 tam
1529 2322 1630 2388 libere
1654 2322 1730 2388 dum
1753 2323 1892 2407 portavit

252 2425 403 2492 incendia
426 2445 547 2493 senon
571 2425 665 2491 ussit.
708 2425 790 2501 Nam
815 2430 850 2490 ut
873 2423 1026 2491 elementi
1048 2424 1157 2508 ignem
1180 2425 1332 2503 vinceret,
1359 2432 1433 2490 ante
1456 2425 1602 2490 flammas
1619 2426 1723 2492 carnis
1740 2425 1887 2506 extinxit,

202 2549 233 2592 ιι
254 2537 286 2594 et
308 2535 344 2594 ut
366 2529 399 2594 in
421 2529 494 2615 ipsa
518 2549 619 2614 pensa
641 2549 706 2594 non
729 2527 867 2608 falleret,
893 2527 1041 2612 probavit
1062 2527 1181 2594 ferrum
1204 2528 1347 2613 pondere
1370 2547 1428 2594 seu
1449 2529 1575 2594 virtute.

346 2636 408 2716 (20)
435 2635 473 2698 Ιιι
495 2633 662 2717 religionis
686 2631 797 2697 ordine
822 2631 1038 2696 subdiaconus
1061 2640 1111 2696 cst
1133 2632 1277 2697 effectus.
1319 2632 1432 2714 Itaque
1455 2651 1526 2697 oum
1550 2631 1772 2699 subdiaconali
1795 2635 1889 2700 mini·
1910 2639 1954 2704 VI

254 2736 351 2800 sterio
376 2735 574 2819 fungeretur,
601 2737 635 2801 in
659 2735 711 2800 die
736 2734 979 2819 epiphaniorum
1003 2732 1155 2800 hauriens
1178 2754 1295 2817 aquam
1319 2735 1360 2800 de
1383 2735 1480 2800 fluvio
1497 2734 1678 2820 Sequanae,
1705 2737 1781 2803 dum
1796 2740 1890 2804 beato

254 2838 428 2904 Prudentio
459 2839 611 2923 episcopo
641 2835 791 2902 manibus
822 2836 992 2903 abluendis
1016 2837 1157 2916 offerret,
1191 2837 1321 2902 mutatis
1345 2837 1513 2902 elementis
1535 2838 1601 2902 riui
1625 2859 1719 2923 sapor
1741 2840 1891 2907 inventus

255 2947 315 3006 est.
369 2943 428 3024 (21)
457 2941 528 3019 Quo
556 2941 626 3006 viso
657 2939 887 3024 obstupescens
916 2939 1060 3024 pontifex
1082 2940 1176 3004 iussit
1199 2960 1239 3005 ex
1260 2940 1332 3024 ipso
1355 2960 1448 3005 urceo
1470 2941 1504 3004 in
1527 2941 1660 3007 calicem
1684 2962 1809 3009 sacrum
1833 2946 1891 3010 de-

205 3062 237 3105 ca
257 3042 358 3125 fundi,
386 3043 472 3110 unde
496 3044 667 3109 universus
689 3043 828 3126 populus
851 3041 950 3107 missa
974 3042 1137 3108 celebrata
1160 3042 1203 3107 ad
1226 3043 1478 3109 communionem
1502 3044 1635 3129 accepit,
1663 3052 1695 3110 et
1711 3045 1816 3130 ipsum
1832 3067 1890 3113 vas

256 3165 328 3212 cnm
351 3147 394 3212 ad
418 3145 523 3233 plebis
546 3144 783 3211 multitudinem
807 3145 997 3224 suffecisset,
1024 3163 1063 3210 ac
1086 3145 1112 3210 si
1135 3165 1198 3212 non
1221 3152 1339 3211 tactum
1364 3153 1396 3211 et
1417 3147 1577 3229 integrum
1601 3148 1647 3214 sic
1669 3149 1799 3233 plenum
1818 3171 1893 3235 per-

257 3250 385 3315 mansit.
434 3249 534 3316 Cuius
567 3249 635 3315 riui
668 3248 804 3334 mystico
838 3248 994 3314 beneficio
1027 3256 1142 3335 postea
1174 3249 1266 3314 multi
1301 3248 1406 3315 sanati
1441 3257 1523 3315 sunt.
1583 3253 1644 3334 [22]
1675 3251 1759 3319 Ecce
1788 3254 1891 3319 virum

257 3352 512 3434 sanctissimum,
545 3353 601 3436 qui
629 3353 751 3418 undam
780 3371 909 3417 sumens
939 3373 959 3418 a
990 3350 1121 3418 flumine
1151 3353 1227 3417 vina
1255 3351 1339 3417 fudit
1367 3352 1401 3417 in
1430 3354 1577 3418 calicem!
1622 3354 1688 3420 Sed
1718 3356 1803 3421 unde
1824 3363 1890 3421 tam

256 3476 339 3522 nova
361 3457 531 3537 miracula,
561 3463 596 3522 ut
618 3455 694 3520 dum
717 3463 862 3540 portaret
884 3476 1019 3538 aquam,
1046 3456 1185 3539 quodam
1207 3454 1302 3522 modo
1324 3456 1416 3538 quasi
1440 3476 1519 3522 uvas
1543 3457 1748 3543 exprimeret,
1777 3479 1892 3525 nasce-

205 3580 237 3622 ιι
257 3567 345 3625 retur
372 3559 423 3625 illi
453 3559 580 3643 palmes
608 3559 642 3624 in
670 3559 803 3644 palma‘l
847 3559 931 3624 Vere
962 3560 1089 3624 beatum
1112 3559 1300 3624 Marcellum
1332 3579 1456 3624 summa
1479 3561 1685 3627 veneratione
1707 3562 1886 3644 colendum,

255 3661 290 3727 in
323 3662 415 3729 cuius
450 3661 600 3728 manibus
634 3681 696 3727 uno
732 3661 909 3744 eodemque
939 3667 1098 3727 momento
1128 3662 1236 3728 floruit
1264 3662 1427 3728 vindemia
1456 3671 1488 3728 et
1515 3665 1672 3730 torculata
1701 3673 1775 3731 sunt
1801 3666 1887 3730 vina.

261 3769 322 3851 (23)
348 3766 506 3832 Videmus
528 3785 592 3833 non
615 3786 679 3831 uno
702 3763 736 3830 in
757 3766 828 3843 loco
850 3764 1010 3831 beneficia
1032 3765 1143 3832 divina
1166 3766 1330 3842 concludi,
1361 3766 1437 3831 dum
1460 3768 1546 3851 quod
1569 3769 1747 3853 praecessit
1767 3769 1802 3835 in
1825 3769 1892 3834 Ga-

254 3871 354 3937 lilaea
384 3869 542 3936 successit
568 3866 602 3933 in
625 3867 746 3934 Gallia.
795 3868 845 3934 Ibi
875 3866 918 3933 ad
949 3868 1127 3953 nuptialem
1158 3889 1302 3935 mensam
1327 3870 1473 3936 Christus
1503 3890 1605 3953 aquas
1632 3871 1726 3937 vertit
1747 3872 1780 3936 in
1802 3873 1888 3952 vina,

255 3972 306 4039 hic
335 3993 419 4056 quae
450 3973 494 4038 ad
522 3989 670 4037 mansam
693 3971 813 4037 Christi
843 3970 1030 4037 sufficerent
1059 3992 1142 4037 nova
1170 3972 1246 4038 vina
1275 3973 1413 4058 sumpsit
1437 3975 1551 4040 altare.
1599 3975 1685 4041 Illud
1716 3976 1894 4059 praecessit

204 4097 236 4138 aa
255 4082 397 4160 tempore
431 4077 491 4142 hoc
521 4075 658 4158 honore,
697 4095 772 4141 nam
802 4075 889 4158 quod
916 4084 993 4140 tunc
1024 4073 1183 4142 dederunt
1209 4096 1267 4141 sex
1297 4075 1431 4161 hydriae
1460 4076 1513 4142 hic
1542 4098 1639 4144 unum
1670 4086 1703 4143 et
1731 4079 1892 4144 modicum

255 4196 313 4243 vas
340 4180 502 4265 explevit,
538 4178 597 4245 sed
619 4188 694 4245 tunc
717 4179 824 4246 effecit
845 4185 881 4244 ut
904 4197 940 4244 se
963 4177 1111 4244 dominus
1134 4178 1296 4263 proderet,
1330 4199 1414 4245 nunc
1435 4187 1471 4246 ut
1492 4181 1648 4248 famulum
1672 4202 1734 4248 non
1759 4183 1889 4249 celaret.

347 4473 531 4523 lerimlnibua
554 4473 592 4536 (P)
699 4475 841 4524 inltlaudua
858 4474 987 4523 accederet
1006 4475 1125 4536 rusplclls
1144 4475 1261 4524 felicibus
1279 4475 1387 4537 palmum
1406 4477 1429 4523 F
1547 4475 1718 4529 trelrtmr
1820 4493 1893 4528 exer-

257 4560 373 4609 citandus
392 4561 415 4608 F
518 4557 646 4628 dlpsum]
665 4563 692 4610 lu
710 4560 809 4612 adda·
911 4574 955 4624 pro
973 4558 1108 4628 primitiis]
1129 4561 1179 4623 PF,
1201 4563 1320 4623 primitus
1338 4563 1426 4611 Sarius
1531 4561 1672 4633 abelia]ef.
1698 4565 1858 4626 Gen.1V,t

256 4647 384 4695 sacrificii:
405 4645 445 4693 F¹
551 4647 633 4697 hostli
650 4648 674 4695 F
777 4648 973 4711 lpusernentis
994 4646 1040 4708 1²¹,
1061 4648 1096 4709 pll
1116 4649 1239 4711 sementis
1258 4645 1295 4696 1³²
1399 4648 1591 4700 loccultatal'
1694 4647 1768 4717 uitia]
1787 4654 1812 4700 ln
1832 4652 1890 4701 cdd.

259 4733 281 4780 l·
386 4732 600 4782 'fructificanti'
737 4733 802 4783 8ab
820 4729 861 4800 eo]
880 4730 946 4793 ΡῖΡ,
968 4733 1046 4782 babeo
1065 4731 1112 4793 Pl,
1133 4735 1194 4782 adeo
1213 4735 1300 4784 &rias
1439 4734 1601 4786 tmlrrculrs
1619 4738 1734 4800 prodltur
1753 4735 1789 4805 et]
1808 4753 1855 4787 om.
1874 4739 1896 4784 F

262 4817 291 4868 10
310 4820 437 4868 officinam
456 4817 613 4888 fabricalem]
633 4821 662 4883 P,
683 4818 829 4884 clllcllesss
842 4820 881 4868 alc
897 4820 919 4866 F
1023 4819 1051 4869 11
1073 4827 1208 4869 extractam
1226 4847 1261 4857 -
1281 4820 1311 4871 12
1330 4837 1436 4871 massam
1454 4823 1602 4872 candentem
1616 4824 1638 4870 F
1648 4829 1671 4872 et
1683 4825 1783 4882 durius,
1803 4825 1893 4873 cadens

260 4904 302 4965 P¹,
331 4904 441 4953 modern
461 4901 499 4951 Ρ2
641 4906 672 4955 12
691 4913 717 4954 at
735 4921 786 4968 qua
803 4907 892 4968 quanti
910 4905 948 4954 Ρ1
1091 4905 1121 4956 13
1140 4908 1278 4969 quantel'
1417 4908 1447 4957 15
1466 4909 1547 4958 calere
1566 4909 1589 4956 F
1726 4909 1862 4972 pondosF

259 4990 394 5038 steterat*
500 4990 528 5038 ll
549 4988 611 5059 foci]
629 4992 737 5053 lgnlsl’
842 4990 872 5040 18
891 4993 983 5041 lsml’
1087 4989 1219 5059 defecatls]
1237 4992 1335 5054 durfos,
1356 4994 1390 5054 cf.
1412 5009 1490 5056 sopra
1506 5010 1532 5055 p.
1552 4997 1593 5056 38,
1615 4997 1631 5045 l.
1648 4999 1672 5056 8,
1694 4995 1800 5044 delectis
1819 4995 1863 5043 PF

259 5077 375 5126 llberll'
475 5076 555 5126 libere
574 5079 640 5141 ignis
658 5079 776 5127 incendia
794 5079 849 5126 sinc
868 5079 969 5127 ustione
986 5081 1070 5128 euasit
1087 5079 1177 5129 currus
1284 5079 1314 5129 19
1334 5077 1371 5147 se]
1390 5081 1419 5138 P,
1442 5081 1528 5129 sedF
1628 5081 1660 5132 20
1679 5094 1725 5129 seu
1747 5083 1781 5142 (se
1801 5079 1830 5142 P,
1850 5069 1893 5130 seu

262 5163 296 5223 Ρ)
316 5157 424 5227 uirtute]
441 5177 489 5211 cm.
506 5161 596 5212 durius
726 5164 756 5215 21
778 5165 899 5214 diaconali
919 5164 941 5212 Ρ
1070 5165 1102 5215 22
1121 5181 1233 5229 sequane
1254 5167 1276 5214 P
1402 5165 1435 5216 23
1455 5169 1577 5229 prudenti
1597 5167 1619 5214 F
1743 5167 1776 5216 21
1796 5180 1893 5216 sacrum

259 5243 380 5314 defundi]
399 5247 427 5308 P,
449 5249 523 5297 fundi
542 5250 572 5312 F,
594 5263 690 5298 sucrum
709 5251 781 5299 fundi
800 5249 891 5299 Sarius
1014 5251 1046 5301 25
1064 5254 1170 5303 accessit
1189 5253 1210 5299 F
1329 5252 1362 5302 26
1381 5253 1412 5301 ad
1430 5255 1512 5316 plebis
1530 5254 1720 5302 multitndlnem
1739 5250 1892 5321 suffecisset]

261 5334 330 5396 plebl
348 5333 473 5384 reluceret
490 5337 514 5384 F
636 5349 685 5384 non
705 5331 811 5402 tactum]
829 5339 952 5385 intactum
970 5337 993 5384 F
1111 5334 1159 5405 sic]
1177 5352 1225 5388 cm.
1242 5341 1264 5386 F
1381 5338 1413 5388 27
1433 5340 1532 5398 mystlcl
1552 5340 1574 5385 F
1693 5335 1782 5406 multi]
1800 5341 1894 5388 intirml

261 5419 322 5469 odd.
336 5420 423 5468 durius
558 5419 593 5470 28
613 5419 716 5490 undam]
734 5437 825 5485 aquam
844 5423 867 5469 F
993 5420 1018 5491 a]
1037 5426 1067 5474 de
1088 5427 1109 5475 F
1237 5427 1329 5475 effudit
1347 5427 1437 5474 sartor
1567 5423 1600 5473 29
1619 5430 1648 5473 nt
1666 5420 1737 5490 dum]
1757 5424 1805 5486 Pr,
1827 5425 1893 5474 unde

264 5505 351 5556 Sarius
452 5505 635 5579 anlequlF
737 5507 767 5558 31
788 5505 921 5575 torculata]
933 5507 967 5568 cf.
985 5511 1088 5565 Fortun.
1104 5527 1181 5562 carm.
1202 5511 1226 5571 V,
1243 5515 1298 5575 6,2
1403 5509 1435 5559 32
1454 5509 1587 5558 includit*
1686 5507 1834 5577 praecessit]
1853 5511 1896 5557 do·

263 5596 346 5643 minos
363 5593 418 5646 cdd.
435 5597 524 5651 sursus
636 5595 726 5656 galilea
745 5594 796 5656 Pr,
819 5596 862 5644 llle
880 5594 938 5646 add.
953 5597 1044 5647 ductus
1162 5597 1194 5648 31
1213 5601 1257 5660 qul
1276 5601 1297 5647 F
1407 5596 1438 5645 ³5
1457 5610 1488 5644 ex
1507 5595 1593 5654 hydris
1613 5596 1644 5643 F:
1664 5594 1700 5654 cf.
1721 5596 1813 5643 loona.
1834 5597 1860 5657 2,
1879 5598 1894 5642 6

262 5679 295 5731 36
313 5676 389 5748 nunc]
405 5697 451 5735 cm.
469 5690 563 5742 surius

1685 5769 1727 5810 φ
