4290 6194
212 285 254 348 66
514 277 712 337 orvscvtA
731 277 924 335 versutio
943 277 1176 338 FORTVNATO
1195 277 1299 336 MALE
1318 273 1543 334 ATTRIBVTA

211 471 414 558 pervenisset
443 469 606 552 anditum,
639 468 727 536 illico
756 469 845 535 velut
873 468 1011 535 invictus
1042 469 1151 536 adleta
1179 468 1223 535 ad
1254 469 1379 534 ruinam
1411 469 1499 535 urbis
1528 467 1646 534 caeleri
1676 467 1866 534 velocitate

212 574 369 660 percurrit
396 574 501 657 adque
532 593 567 639 se
597 573 665 656 igni
687 572 816 638 obvium
839 571 973 656 impieta
996 573 1138 638 oratione
1162 572 1367 638 monstravit:
1402 571 1576 656 statimque
1599 571 1688 638 velut
1710 570 1864 655 quodam

212 685 304 745 reatu
335 677 437 744 fracta
468 677 519 742 vei
542 677 672 742 concisa
693 677 813 763 populo
835 682 916 742 teste
939 675 972 742 in
996 695 1031 742 se
1053 677 1266 743 vastationem
1289 675 1414 742 reducit
1435 674 1578 742 incendii
1600 681 1633 741 et
1654 695 1712 759 per
1734 681 1865 760 paten-

212 790 276 848 tem
300 787 423 868 portam
447 779 619 846 admodum
643 779 760 864 iugens
784 779 947 860 discessit,
975 786 1010 845 ut
1032 779 1179 845 omnibus
1202 784 1449 860 monstraretur,
1477 778 1563 862 qnod
1584 777 1633 843 vir
1655 777 1710 844 dei
1732 778 1866 864 plenus

215 884 292 952 iidei
314 884 390 968 igue
412 883 487 970 plus
510 882 624 962 caluit,
651 882 707 967 qui
731 882 897 948 succidam
921 889 1030 950 tantae
1053 881 1286 968 indignationis
1309 889 1341 948 ct
1363 881 1459 949 evicit
1481 881 1602 948 meritis
1624 887 1657 948 ct
1678 881 1861 948 extincxit.
1887 899 1903 938 ε

147 1007 190 1074 VI
306 1007 368 1088 (16)
396 1002 563 1082 Quaedam
587 1021 662 1068 reru
684 1003 796 1088 puelia
817 1003 858 1068 ab
881 1004 981 1069 urbae
997 1003 1116 1070 Tolosa
1131 1003 1305 1088 praeclaris
1321 1010 1390 1069 orta
1404 1002 1568 1068 natalibus
1583 1002 1624 1068 ab
1639 1001 1864 1068 adulescente

214 1108 354 1175 inlantia
384 1107 496 1173 vesani
527 1106 658 1193 spiritus
688 1107 857 1172 tenebatur
885 1105 1051 1173 obsidione
1080 1107 1221 1192 captiva.
1269 1104 1373 1183 Quam
1404 1125 1475 1172 cum
1504 1112 1614 1172 tenero
1640 1125 1751 1172 amore
1777 1105 1862 1172 dili-

212 1211 320 1296 gerint
350 1209 488 1297 piissimi
519 1210 698 1294 genitores,
732 1208 776 1275 ad
806 1209 908 1276 sancti
931 1209 1018 1274 Petri
1040 1209 1248 1294 sepulchrum
1269 1209 1303 1275 in
1326 1209 1472 1276 Romana
1494 1209 1592 1275 urbae
1615 1228 1687 1274 cum
1708 1210 1864 1293 plurima

213 1313 417 1381 multitudine
446 1318 479 1379 et
508 1313 610 1378 multa
639 1311 808 1378 devotione
837 1313 1008 1378 duxerunt.
1072 1315 1132 1396 (il)
1161 1311 1210 1378 ibi
1238 1312 1370 1397 quidam
1401 1311 1455 1378 dei
1483 1331 1595 1378 servus
1624 1331 1695 1377 cum
1726 1311 1862 1378 auxilio

214 1417 298 1483 sacri
321 1416 462 1502 corporis
484 1415 623 1501 plurima
645 1415 801 1500 implebat
823 1414 918 1499 signa
940 1414 1075 1480 virtutis.
1117 1415 1209 1481 Hanc
1230 1422 1338 1481 tamen
1361 1415 1472 1500 puella
1494 1434 1566 1480 cnm
1585 1415 1675 1480 nulla
1692 1415 1863 1501 potuisset
1890 1432 1920 1472 ¹⁰

212 1519 441 1587 intercessione
472 1538 611 1604 purgare
639 1537 700 1584 nec
730 1519 771 1584 ab
800 1517 874 1602 ipsa
902 1517 1023 1584 calledi
1052 1517 1219 1584 daemonis
1247 1518 1333 1583 viros
1363 1517 1521 1584 valuisset
1550 1517 1727 1602 expellere,
1765 1518 1862 1584 bunc

213 1641 404 1708 responsum
427 1621 529 1686 bostis
552 1620 703 1704 antiquus
726 1618 867 1686 reddidit
890 1620 992 1686 divini
1014 1621 1152 1687 nominis
1174 1621 1394 1688 obsecratione
1417 1620 1615 1700 constrictus,
1646 1621 1732 1704 quod
1756 1641 1862 1686 num-

213 1747 309 1811 quam
339 1725 381 1791 ab
411 1724 545 1790 alterius
572 1723 612 1790 de
636 1722 749 1789 eodem
772 1723 957 1790 habitaculo
979 1724 1041 1790 nisi
1064 1725 1160 1790 huius
1182 1724 1360 1791 beatissimi
1384 1723 1529 1790 Remedii
1552 1723 1712 1789 antestitis
1736 1745 1862 1792 emun-

213 1828 345 1895 datione
375 1827 479 1912 possit
508 1826 640 1910 expelli.
693 1828 755 1911 (18)
782 1828 873 1893 Tunc
902 1835 1053 1913 parentes
1082 1827 1152 1894 eina
1182 1834 1215 1893 et
1244 1826 1346 1913 ipsius
1376 1827 1536 1893 benedicti
1564 1833 1596 1893 et
1617 1826 1740 1893 Alarici
1764 1827 1861 1910 regis

214 1932 390 1999 Gothorum
421 1929 586 1996 adlatibns
616 1929 786 2014 suffragati
817 1950 886 1996 cum
912 1930 1062 1997 devincta
1085 1931 1195 1997 sobole
1218 1929 1261 1996 ad
1283 1937 1429 1996 sanctum
1453 1928 1640 1995 Remedium
1663 1931 1860 1996 antestitem
1887 1949 1917 1989 ¹⁵

213 2041 428 2120 pervenerunt
462 2031 689 2116 deprecantes,
729 2040 764 2099 ut
792 2033 942 2100 virtutem
973 2033 1043 2099 eius
1073 2039 1289 2117 agnoscerent
1317 2033 1351 2098 in
1381 2033 1571 2119 purgatione
1602 2033 1721 2098 sobolis
1752 2055 1859 2117 quam

213 2137 433 2224 praescierant
454 2136 487 2202 iu
512 2135 714 2203 consessione
737 2137 883 2206 latronis.

132 2260 193 2325 VII
305 2261 368 2340 i¹9l
395 2259 486 2322 Tunc
509 2256 715 2323 beatissimus
739 2255 914 2323 Remedius
938 2277 1009 2323 cum
1033 2255 1184 2322 diuturna
1207 2257 1381 2323 luctatione
1404 2275 1439 2322 se
1463 2277 1525 2322 non
1548 2275 1621 2323 esse
1640 2255 1773 2340 dignum
1791 2257 1860 2324 ad-

212 2369 334 2428 sereret
364 2367 396 2426 et
418 2367 573 2427 consueta
594 2359 753 2443 patientia
776 2367 986 2446 repugnaret,
1021 2359 1170 2446 precibus
1195 2367 1245 2426 est
1266 2360 1378 2445 populi
1402 2360 1616 2445 supplicantis
1639 2361 1780 2442 evictus,
1821 2368 1859 2426 ut

211 2465 388 2531 orationem
411 2485 468 2549 pro
491 2464 565 2550 ipsa
587 2463 737 2529 tunderet
759 2470 792 2529 et
814 2471 982 2548 parentum
1006 2463 1148 2529 lacrimis
1173 2463 1368 2530 condoleret.
1428 2467 1488 2546 1201
1516 2465 1608 2530 Tunc
1630 2473 1762 2530 mustus
1786 2467 1857 2531 Rc·
1879 2480 1912 2522 ²⁰

211 2567 339 2634 medius
373 2567 503 2634 meretis
538 2565 717 2632 sanctitatis
745 2572 888 2632 armatus
919 2566 1009 2634 verbi
1037 2567 1206 2652 praecepit
1232 2567 1384 2652 imperio,
1423 2574 1458 2633 ut
1485 2567 1613 2652 iniquus
1641 2567 1763 2652 praedo
1794 2590 1858 2654 per

211 2671 298 2755 quod
320 2672 486 2756 ingressus
509 2669 615 2736 iuerat
637 2669 818 2736 discederet
842 2677 875 2736 et
896 2668 1017 2736 Christi
1040 2669 1197 2736 famulam
1220 2671 1391 2736 relaxaret.
1438 2670 1553 2753 ltaque
1576 2690 1647 2736 cum
1670 2671 1770 2737 nimio
1795 2693 1857 2737 vo-

211 2775 291 2840 mitu
323 2782 356 2839 et
384 2774 522 2841 obsceno
555 2773 656 2839 letore
689 2792 745 2858 per
774 2791 809 2839 os
840 2771 925 2856 qnod
953 2772 1057 2839 fuerat
1086 2773 1291 2839 intromissus
1321 2773 1490 2839 abscessit.
1558 2775 1619 2856 (21)
1653 2773 1720 2839 Sed
1751 2775 1856 2859 paulo

212 2885 286 2962 post
314 2877 501 2943 discedente
525 2876 681 2961 pontefice
705 2875 764 2941 sub
787 2875 890 2960 ipsius
913 2883 1022 2942 tamen
1044 2876 1142 2941 horae
1166 2877 1288 2960 spatio,
1322 2876 1397 2941 dum
1420 2875 1522 2940 nimio
1544 2876 1653 2942 labore
1675 2876 1766 2943 fessa
1790 2899 1856 2943 nn-

211 2986 304 3060 taret,
332 2980 417 3046 vitae
441 2981 547 3046 calore
571 2979 708 3064 decepta
730 2978 876 3064 spiritum
900 2979 1015 3045 salutis
1037 2979 1155 3045 amisit.
1199 2979 1328 3046 iteratis
1350 2999 1427 3063 ergo
1444 2979 1593 3065 precibus
1608 2980 1855 3064 supplicantum
1877 2997 1910 3038 2⁵

212 3085 308 3150 turba
330 3083 464 3150 recurrit
485 3083 529 3149 ad
550 3083 726 3164 medicum,
755 3083 868 3148 beatus
891 3089 998 3149 autem
1022 3081 1197 3150 Remedius
1220 3081 1279 3148 ille
1302 3101 1338 3148 se
1361 3089 1493 3149 accusat
1515 3081 1621 3166 potius
1643 3089 1856 3167 perpetrasse

212 3187 340 3253 facinus
363 3206 459 3270 quam
483 3185 631 3251 sanitatis
654 3185 830 3272 praemium
855 3184 1030 3252 indulsisse
1053 3193 1086 3253 et
1108 3185 1262 3252 extetisse
1285 3185 1448 3252 homicidii
1471 3205 1569 3266 reum,
1597 3204 1671 3251 nam
1691 3206 1757 3252 non
1773 3207 1858 3253 con-

212 3291 328 3358 tulisse
352 3287 538 3356 remedium.

113 3411 193 3478 VIII
308 3413 370 3494 [22]
398 3409 449 3476 Ad
476 3409 645 3476 basilicam
667 3409 767 3492 igitur
789 3409 891 3476 sancti
914 3409 1066 3476 lobannis
1089 3429 1152 3493 que
1174 3428 1291 3494 cerpus
1313 3409 1441 3475 iacebat
1463 3408 1632 3476 exanimae
1654 3410 1768 3495 popuii
1794 3413 1858 3478 ob-

215 3521 322 3582 tentus
353 3513 578 3598 deprecatione
609 3512 790 3596 regreditur
817 3513 927 3594 ibique
958 3519 1089 3577 sanctus
1111 3511 1286 3578 Remedius
1317 3531 1389 3577 cunr
1419 3511 1560 3578 lacrimis
1589 3511 1632 3577 ad
1660 3514 1857 3598 pavimenta
1879 3533 1912 3574 aa

214 3627 396 3685 sanctorum
425 3617 459 3682 in
487 3615 630 3682 oratione
660 3616 871 3701 prosternitur
899 3621 931 3681 et
961 3615 1101 3700 reliquos
1131 3623 1166 3682 nt
1194 3615 1240 3681 ita
1267 3615 1411 3682 facerent
1439 3615 1614 3682 adortatur.
1665 3619 1728 3700 (23)
1756 3619 1857 3686 Tune

214 3729 345 3788 sanctus
374 3719 549 3786 Remedius
583 3719 686 3785 effuso
720 3719 922 3784 lacrimarum
953 3719 1088 3803 hymbre
1118 3737 1314 3802 consurgens
1344 3719 1512 3785 suscitavit
1540 3726 1710 3800 mortuam,
1749 3741 1856 3804 quam

302 4031 312 4080 1
335 4033 450 4080 barreicta
465 4028 508 4090 0¹,
530 4030 643 4078 bantiara
658 4027 693 4077 0²
796 4029 812 4080 2
832 4031 968 4092 statimque
986 4056 1021 4066 -
1040 4031 1055 4081 3
1075 4027 1157 4097 reatu]
1175 4045 1223 4080 om,
1244 4029 1314 4092 0¹13,
1335 4034 1420 4080 atatim
1438 4031 1510 4080 uelut
1527 4030 1649 4092 quoddam
1667 4039 1768 4080 reatum
1788 4035 1852 4085 add.

215 4117 260 4180 0²,
281 4133 331 4180 que
349 4131 397 4166 em.
420 4117 449 4164 W
552 4114 723 4164 3eonecia0
829 4118 916 4180 populi
933 4116 1040 4166 teatall
1145 4118 1243 4167 aeaco
1348 4114 1528 4184 uastationem]
1546 4115 1602 4180 ds,
1622 4119 1729 4168 uastatio
1743 4117 1854 4178 ECW2,

213 4204 354 4254 uariatione
378 4201 422 4248 W¹
574 4201 718 4250 reduxitG
874 4203 1020 4252 incendium
1042 4201 1112 4251 crw
1267 4201 1404 4271 tregam]
1425 4203 1471 4265 0¹,
1491 4203 1578 4264 iugera
1600 4203 1629 4262 G,
1650 4205 1751 4266 lugiens
1776 4205 1856 4254 Cffll'

213 4291 228 4340 5
247 4292 295 4340 tide
316 4288 388 4337 crw
519 4289 600 4336 ualuit
620 4286 654 4334 01
788 4302 862 4350 qaam
881 4291 988 4338 saeuitia
1006 4291 1071 4338 tenti
1091 4289 1121 4350 E,
1142 4291 1186 4354 qui
1205 4292 1328 4340 seuitium
1347 4292 1412 4340 tanti
1434 4289 1467 4337 0¹
1598 4286 1635 4356 et]
1653 4304 1728 4351 qnam
1746 4297 1776 4339 et
1796 4293 1821 4340 Ε

212 4383 239 4426 et
257 4377 370 4425 extinxit
388 4375 485 4424 meritis
505 4372 560 4421 CW
697 4373 712 4424 8
731 4371 774 4442 ad]
792 4377 875 4437 aoppl.
895 4373 930 4423 0²
1057 4373 1137 4443 petri]
1155 4377 1258 4440 apostoli
1276 4375 1337 4426 add.
1359 4376 1388 4422 W
1507 4376 1538 4424 ad
1556 4389 1683 4424 romanam
1701 4379 1794 4427 urbem
1817 4379 1856 4427 0ι

212 4463 228 4514 9
247 4459 348 4528 seruus]
367 4463 468 4510 nomine
488 4460 635 4509 benedictus
654 4462 737 4522 coppi.
755 4459 799 4524 0²,
821 4461 890 4511 iubet
909 4461 944 4508 E:
964 4463 1090 4511 benedicti
1111 4462 1191 4526 (infru
1203 4465 1221 4513 l.
1238 4465 1279 4524 u)
1297 4477 1344 4524 pro
1361 4465 1461 4512 aarum
1476 4465 1575 4524 proprie
1594 4462 1747 4511 libramme
1765 4463 1857 4524 salaa-

212 4555 264 4599 riaa
283 4553 382 4610 accepit,
410 4549 465 4596 Ari.
486 4547 532 4596 SS.
556 4551 579 4596 1.
603 4547 657 4596 Oct.
678 4552 736 4598 tom.
759 4549 780 4609 l,
800 4562 826 4609 p.
852 4551 908 4609 142,
935 4547 970 4608 es.
992 4549 1064 4612 lietb,
1085 4550 1301 4612 Beneficiuirmen
1316 4563 1342 4610 p.
1364 4551 1431 4599 ⁴6³:
1455 4549 1485 4598 de
1502 4549 1529 4598 8.
1551 4548 1667 4598 libandis
1684 4549 1723 4598 ccl
1742 4551 1856 4602 sensate

213 4635 335 4684 Mubiilcn
353 4639 376 4683 ct
394 4633 559 4682 Beiiundioai
578 4637 755 4694 recitaverant,
777 4634 810 4696 ef.
833 4634 904 4695 Grac.
926 4634 986 4684 dial.
1008 4637 1061 4698 111,
1085 4637 1118 4686 25
1277 4635 1308 4684 to
1328 4638 1451 4686 uirtutum
1474 4635 1494 4682 0
1647 4635 1757 4697 puellam
1780 4636 1858 4686 C²W

214 4722 241 4772 11
263 4718 381 4787 purgare]
400 4719 521 4768 eurareG
625 4720 699 4768 calidi
715 4719 749 4766 0¹
856 4717 1086 4787 daemerris]bcstis
1105 4721 1136 4768 W
1238 4717 1319 4788 uires]
1333 4721 1377 4768 GC
1480 4722 1524 4769 boc
1539 4720 1610 4768 C¹W
1716 4721 1747 4772 12
1767 4725 1856 4776 boetis

210 4813 333 4870 antiquus
354 4808 480 4870 (antiquos
502 4803 547 4873 G)]
566 4807 679 4856 diabolus
705 4807 733 4852 w
846 4809 960 4856 numinis
980 4805 1038 4855 1102
1158 4807 1188 4858 ib
1207 4805 1251 4875 ab]
1269 4822 1319 4856 om.
1336 4808 1390 4870 GE,
1409 4809 1494 4857 deti)
1597 4805 1741 4875 antestitis]
1757 4823 1811 4860 om.
1831 4813 1855 4860 0

214 4895 244 4944 11
263 4901 348 4958 posset
367 4891 426 4940 130²
557 4894 690 4942 benedicto
713 4892 748 4940 0¹
880 4895 983 4944 maricii
1003 4895 1023 4943 0
1153 4907 1225 4955 reges
1243 4903 1356 4956 getarum
1375 4892 1396 4940 G
1539 4893 1569 4944 15
1588 4891 1740 4961 remedium]
1757 4909 1812 4946 om.
1830 4899 1855 4946 0

213 4981 242 5032 li
263 4977 302 5048 in]
319 4995 369 5029 om.
386 4979 440 5028 CW
571 4981 681 5027 latrones
702 4979 723 5026 G
859 4979 890 5029 18
909 4986 971 5030 tunc
989 4981 1150 5031 beatissimus
1169 4977 1308 5048 remedius]
1325 4981 1370 5029 tile
1390 4977 1437 5027 GE
1578 4979 1608 5028 19
1626 4975 1678 5046 cat]
1694 4982 1752 5028 eiua
1776 4982 1813 5029 0¹

211 5069 331 5130 populum
349 5068 554 5129 supplicantem?
575 5065 616 5127 Gi,
638 5066 810 5128 subplirautea
826 5065 861 5113 0¹
966 5065 999 5117 20
1018 5075 1079 5117 tunc
1097 5075 1199 5117 sauctus
1218 5064 1359 5135 remedius]
1377 5067 1420 5115 ilic
1440 5066 1535 5114 nemo
1638 5065 1669 5115 21
1690 5068 1798 5130 iniquos
1813 5071 1852 5117 0ι

211 5154 243 5204 22
262 5152 400 5215 gemituil
518 5151 551 5201 23
570 5166 619 5214 quo
639 5149 699 5199 EC²
814 5151 848 5202 21
866 5150 963 5220 tamen]
981 5155 1067 5203 statim
1088 5153 1110 5200 Ε
1222 5153 1281 5202 dnm
1301 5180 1334 5189 -
1354 5149 1465 5219 namet]
1483 5151 1571 5201 orm!
1681 5153 1791 5202 nimium
1812 5157 1851 5202 0¹

211 5239 243 5290 25
262 5237 380 5307 decepta]
398 5240 526 5301 redempta
547 5238 592 5298 01,
614 5241 722 5286 alienata
740 5237 855 5301 retemta,
876 5251 993 5302 exempto
1011 5242 1100 5290 Sarius
1214 5241 1282 5289 salua
1301 5241 1333 5302 D,
1355 5253 1403 5290 om.
1419 5239 1443 5286 Ε
1553 5239 1638 5287 amisit
1661 5237 1692 5284 W
1798 5245 1851 5290 ite-

211 5333 264 5375 rata
286 5327 306 5374 0
418 5324 486 5392 ergo]
504 5326 591 5376 cml]
702 5321 831 5391 precibus]
849 5327 936 5374 cm.G
1049 5326 1081 5376 26
1099 5328 1188 5375 beatus
1206 5333 1291 5375 autem
1310 5323 1448 5392 remedius]
1465 5339 1512 5374 cm.
1532 5325 1553 5372 G
1660 5324 1748 5386 1111Ε,
1770 5327 1850 5376 illum

214 5411 249 5458 C¹
366 5411 398 5462 21
418 5408 551 5478 extetisse]
569 5425 596 5460 ae
614 5410 673 5460 add.
695 5411 723 5454 W
838 5407 908 5478 nam]
926 5412 956 5470 G,
977 5411 1036 5462 cdd.
1054 5409 1099 5475 0²,
1119 5427 1169 5462 om.
1190 5412 1221 5459 W
1335 5413 1435 5462 tuliisse
1456 5412 1477 5458 0
1591 5409 1624 5459 30
1642 5409 1850 5472 deprooeeatione

214 5497 235 5544 0
347 5504 450 5548 mactus
469 5494 607 5563 remedius]
626 5498 664 5546 illi
685 5497 706 5545 G
823 5495 853 5546 ³1
875 5499 901 5546 in
920 5496 1042 5566 oratione]
1060 5499 1148 5548 ormi
1261 5503 1298 5550 ita
1318 5513 1367 5548 ne
1387 5500 1482 5547 iaceret
1500 5497 1543 5560 0¹,
1565 5503 1594 5545 ut
1611 5495 1677 5544 idem
1694 5495 1792 5544 iaceret
1818 5495 1850 5542 W

211 5581 244 5632 32
263 5591 364 5634 sanctus
381 5581 520 5651 remedius]
538 5583 623 5632 om.G
728 5579 860 5649 mortuam]
878 5583 912 5643 es.
934 5585 1006 5645 Grec.
1031 5585 1071 5634 Gi.
1095 5586 1170 5646 Ceus.
1190 5601 1211 5636 e.
1235 5589 1278 5648 18,
1296 5587 1363 5636 flor.
1385 5587 1428 5634 Fr.
1450 5585 1486 5644 11,
1508 5585 1538 5633 ³1
