4344 6142
1012 275 1239 334 PROOEhlthl.

992 677 1164 760 ,IV-

402 867 560 946 Quoniam
584 868 624 932 de
648 866 854 932 recensendis
877 865 1043 931 Fortunati
1065 866 1222 950 poematis
1245 865 1324 930 satis
1347 865 1543 950 disputatum
1567 871 1625 948 est,
1652 872 1809 931 restatur
1831 867 1943 952 paucis

317 988 516 1073 explicemus
538 988 666 1070 qualem
690 987 722 1051 in
746 986 931 1070 digerendis
954 985 1127 1070 opusculis,
1153 985 1186 1050 in
1209 985 1378 1052 enotandis
1401 985 1544 1050 codicum
1568 986 1742 1070 scripturis,
1769 986 1803 1050 in
1825 987 1945 1052 consti-

317 1109 444 1174 tuendis
474 1107 614 1190 denique
646 1107 814 1172 verborum
843 1107 953 1171 formis
981 1105 1135 1171 rationem
1167 1106 1266 1171 secuti
1297 1105 1408 1171 simus.
1463 1113 1558 1188 atquc
1586 1106 1689 1191 primo
1719 1106 1847 1188 quidem
1875 1107 1944 1172 loco

316 1228 502 1294 conlocandi
534 1234 625 1294 erant
653 1227 800 1293 undecim
832 1227 1007 1292 carminum
1031 1226 1103 1292 libri
1126 1226 1245 1308 quibus
1266 1226 1405 1291 insertae
1429 1232 1503 1292 sunt
1524 1225 1666 1311 pedestri
1690 1247 1835 1292 sermone
1858 1248 1944 1292 com-

316 1349 440 1434 positae
471 1348 629 1434 epistulae
660 1355 756 1431 atque
786 1347 938 1413 orationis
965 1346 1146 1412 dominicae
1175 1346 1376 1432 symbolique
1398 1346 1625 1432 expositiones.
1672 1347 1747 1414 huic
1770 1348 1944 1413 carminum

317 1470 439 1554 corpori
461 1470 546 1551 quod
569 1489 631 1564 non
654 1468 793 1534 solidum
817 1474 851 1533 ut
880 1489 921 1532 ex
950 1468 1052 1552 ipsius
1082 1473 1198 1552 poetae
1229 1488 1325 1533 manu
1355 1467 1533 1551 prodierat,
1567 1467 1624 1534 sed
1650 1469 1796 1534 mutilum
1820 1475 1945 1534 uteret

315 1592 356 1655 ab
379 1590 546 1674 archetypi
567 1588 712 1655 codicum
735 1594 868 1680 praeter
885 1593 913 1651 Σ
934 1595 1062 1653 auctore
1085 1587 1142 1652 illo
1165 1588 1207 1652 ad
1229 1593 1372 1672 posteros
1394 1589 1544 1654 traditum
1568 1607 1641 1654 esse
1664 1588 1848 1671 docuimus,
1875 1589 1945 1654 edi-

317 1719 401 1775 tores
431 1711 485 1792 qui
508 1710 645 1775 antehac
668 1709 797 1775 fuerunt
818 1708 960 1782 carmina
982 1709 1136 1773 nonnulla
1157 1708 1331 1774 Fortunato
1353 1729 1415 1774 non
1438 1709 1507 1774 iure
1529 1708 1692 1794 adscripta
1715 1708 1758 1775 ad
1780 1709 1944 1774 arbitrium

316 1831 538 1895 infulciobant.
585 1850 668 1913 quae
699 1849 756 1896 nos
783 1830 916 1895 exulare
939 1828 1028 1894 iussa
1049 1828 1126 1894 huic
1147 1828 1302 1894 volumini
1324 1829 1514 1914 appendicis
1536 1831 1606 1895 loco
1628 1830 1834 1895 subiecimus.
1881 1830 1945 1894 iam

316 1972 387 2017 cum
409 1951 627 2035 ‚capitulorum
656 1949 762 2016 indice
791 1950 825 2015 in
854 1949 1017 2016 codicibus
1043 1948 1275 2035 praefationem
1298 1950 1463 2016 Fortunati
1493 1949 1674 2034 excipiente
1704 1950 1776 2034 ipsa
1804 1950 1946 2034 capitula

316 2073 412 2156 plane
443 2071 629 2152 concinunt,
663 2071 709 2136 ita
737 2069 867 2152 quidem
898 2075 934 2135 ut
961 2069 1099 2135 subinde
1126 2069 1203 2135 bina
1231 2063 1373 2136 carmina
1402 2091 1558 2155 personae
1588 2071 1693 2136 cidem
1724 2071 1871 2137 eidemve
1901 2071 1948 2135 rei

316 2192 478 2258 destinata
506 2193 564 2256 suh
597 2211 660 2256 uuo
689 2192 839 2256 lemmate
868 2189 1189 2274 comprehendantur.
1237 2191 1328 2256 vidos
1357 2191 1498 2256 ltrowcri
1528 2199 1585 2257 aut
1612 2190 1725 2256 Luchii
1755 2190 1898 2256 ordinem
1927 2211 1947 2255 a

317 2312 468 2377 libromm
491 2311 644 2376 memoria
667 2311 870 2377 recedentem
895 2311 1015 2376 servari
1040 2311 1192 2376 intactum
1216 2331 1280 2376 non
1302 2311 1457 2395 potuisse.

403 2433 479 2497 Post
502 2430 649 2497 undecim
675 2431 773 2498 libros
796 2430 955 2497 conlocari
979 2431 1120 2517 oportuit
1141 2431 1283 2497 carmina
1305 2431 1339 2496 in
1360 2435 1387 2494 Σ
1410 2439 1547 2514 servata,
1574 2438 1609 2496 ut
1632 2452 1714 2514 quae
1737 2432 1813 2496 olim
1836 2453 1949 2516 corpo-

317 2552 362 2617 ris
386 2559 509 2637 partem
533 2553 634 2618 fuisse
657 2558 777 2617 certum
801 2552 852 2617 sit.
900 2551 1016 2634 quibus
1046 2550 1130 2633 quod
1160 2551 1238 2617 addi
1261 2558 1371 2635 posset
1393 2572 1491 2616 unum
1515 2559 1584 2617 erat
1605 2551 1647 2617 de
1669 2553 1855 2635 Magncrico
1878 2553 1948 2637 epi-

320 2692 415 2757 scopo
439 2693 570 2738 carmen
593 2693 633 2738 cx
655 2672 723 2737 vita
746 2672 816 2737 eius
839 2673 1024 2737 aBrowero
1047 2671 1178 2737 editum.
1221 2678 1371 2737 secuntur
1392 2679 1540 2755 quattuor
1563 2672 1636 2738 libri
1658 2673 1699 2737 de
1722 2673 1789 2738 vita
1811 2673 1844 2736 S.
1864 2673 1950 2736 Mar-

316 2793 375 2857 tini
399 2813 542 2860 seorsum
566 2792 687 2859 traditi.

406 2914 455 2978 lle
471 2913 589 2998 spuriis
605 2913 701 2977 verbo
717 2911 909 2986 monendum
925 2911 1062 2978 uidetur.
1102 2919 1198 2994 atque
1213 2912 1325 2995 hymni
1348 2912 1477 2995 quidem
1507 2915 1631 2996 (tl—lh)
1659 2919 1779 2978 temere
1795 2913 1952 2978 Venantio

320 3034 471 3118 adscripti
488 3040 520 3098 et
533 3033 615 3118 ipsis
630 3031 780 3116 genuinis
805 3031 839 3116 (Ι,
863 3036 911 3097 lli.
939 3033 1031 3114 11‚2.
1052 3037 1080 3117 6)
1109 3033 1238 3098 refutati
1260 3032 1419 3098 vindicem
1444 3053 1505 3098 non
1529 3034 1633 3117 magis
1656 3033 1842 3099 excitabunt
1856 3054 1951 3116 quam

321 3154 425 3218 crucis
457 3153 658 3237 signaculum
686 3155 726 3236 (2)
760 3159 817 3217 aut
846 3154 879 3217 S.
906 3153 1063 3218 Martialis
1094 3153 1233 3236 elogium
1262 3156 1317 3239 (3).
1365 3175 1429 3218 non
1459 3154 1564 3238 magis
1593 3154 1633 3220 dc
1664 3154 1786 3220 Mariae
1815 3154 1951 3236 virginis

321 3274 504 3340 laudatione
527 3273 712 3356 ambiguum
737 3292 809 3338 csse
832 3279 937 3357 potest
959 3272 1122 3339 iudicium.
1164 3273 1286 3340 scilicet
1307 3273 1367 3339 illa
1390 3275 1618 3341 sentcntiamm
1641 3275 1888 3340 allocutionum
1911 3295 1951 3340 ex

322 3394 414 3459 libris
437 3393 537 3459 sacris
560 3400 784 3478 excerptamm
805 3393 969 3461 incondita
991 3393 1121 3477 farrago
1144 3400 1177 3459 et
1198 3400 1313 3459 natura
1335 3413 1394 3460 sua
1416 3403 1449 3461 ct
1471 3414 1615 3460 sermone
1638 3395 1734 3479 plane
1756 3395 1906 3461 abhorret
1932 3416 1953 3460 a

323 3514 474 3580 Venantii
498 3513 652 3579 facultate
675 3519 707 3578 ct
730 3513 972 3580 consuetudine.
1019 3513 1104 3596 quod
1127 3514 1286 3580 curiosius
1307 3535 1365 3599 per
1386 3521 1577 3598 argumenta
1600 3514 1762 3599 explicare
1785 3535 1823 3579 co
1846 3516 1953 3580 minus

322 3635 541 3701 necessarium
570 3632 697 3700 videtur
726 3655 788 3716 quo
815 3634 933 3699 certius
955 3654 1156 3700 numerorum
1180 3655 1218 3701 ac
1241 3635 1410 3720 prosodiae
1434 3634 1631 3718 degenerata
1653 3636 1783 3701 licentia
1805 3634 1951 3701 fraudem

323 3755 485 3841 scriptoris
508 3754 674 3820 Fortunati
696 3775 812 3820 nomen
834 3755 959 3820 mentiti
982 3755 1149 3836 evincunt;
1184 3755 1275 3820 cuius
1304 3756 1351 3821 rei
1372 3755 1405 3821 in
1426 3756 1534 3822 indice
1556 3756 1688 3822 metrico
1710 3755 1830 3841 passim
1853 3756 1952 3823 docu-

322 3883 430 3942 menta
445 3875 590 3942 invenies
619 3875 669 3958 (cf.
689 3875 729 3941 de
744 3875 935 3960 pentametri
951 3882 983 3940 et
998 3874 1176 3941 hexametri
1191 3874 1281 3941 exitu
1295 3881 1413 3958 notata,
1437 3877 1599 3942 nominum
1615 3876 1804 3961 praesertim
1819 3877 1953 3960 quadri-

323 3997 523 4081 syllaborum
546 4015 729 4061 mensuram
758 3999 845 4060 initio
873 3999 956 4080 (114)
983 4000 1139 4078 cpccr'dsus
1167 3997 1249 4078 (tor)
1277 3999 1420 4060 raretum-es
1447 3998 1510 4082 [65)
1537 4001 1723 4062 socrdnrcutr'
1747 3997 1830 4082 (241)
1858 3997 1950 4080 alia).

325 4117 500 4183 editoribus
523 4137 598 4183 vcro
620 4117 769 4182 Browero
791 4122 824 4181 et
845 4115 984 4198 buchio,
1018 4115 1173 4182 sermonis
1196 4115 1306 4199 reique
1328 4116 1480 4182 metricae
1503 4119 1691 4202 plerumque
1714 4117 1854 4202 securis,
1885 4117 1954 4184 veri

324 4237 499 4319 Fortunati,
527 4237 619 4302 cuius
642 4236 780 4302 lectione
804 4237 884 4302 satis
906 4236 1047 4302 imbutus
1070 4243 1149 4320 crat,
1175 4235 1339 4302 adfectata
1361 4237 1438 4304 locis
1460 4238 1623 4303 nonnullis
1644 4237 1822 4304 imitatione
1845 4238 1952 4304 fucum

325 4358 401 4423 fecit
422 4364 622 4442 personatus.

411 4477 656 4564 Discrepantem
680 4478 826 4546 codicum
848 4477 1017 4543 lectionem
1040 4476 1167 4543 enotavi
1189 4477 1347 4561 integram
1370 4484 1498 4564 practer
1519 4478 1670 4545 libromm
1685 4499 1750 4544 non
1764 4481 1954 4566 praecipuo·

328 4619 414 4681 rum,
450 4599 638 4682 praesertim
663 4604 741 4665 Fet
761 4603 805 4681 lt,
838 4598 1036 4683 corruptelas
1058 4597 1216 4682 proprias.
1270 4602 1345 4664 Vct
1372 4603 1461 4681 Van,
1486 4599 1550 4666 nisi
1572 4598 1650 4682 quid
1672 4605 1729 4665 aut
1750 4608 1954 4666 correxemnt

328 4727 386 4785 aut
406 4719 658 4785 memorabiliter
679 4718 898 4802 coniecerunt,
933 4737 1090 4801 nusquam
1119 4717 1212 4782 attuli
1241 4717 1304 4783 nisi
1326 4717 1369 4784 ad
1391 4718 1632 4786 diiudicandam
1655 4718 1800 4786 codicum
1822 4724 1850 4783 D
1873 4729 1905 4788 et
1929 4727 1953 4786 G

329 4839 424 4906 fidem
453 4841 492 4923 (v.
520 4844 575 4922 s).
624 4838 721 4905 ctiam
751 4837 998 4923 orthographiae
1028 4836 1174 4903 codicum
1196 4837 1325 4922 plenam
1349 4838 1425 4906 dedi
1447 4839 1608 4922 notitiam;
1642 4840 1736 4906 omisi
1757 4863 1773 4904 c
1795 4863 1849 4923 oe,
1883 4846 1907 4906 a·
1927 4848 1956 4906 cr'

327 4959 389 5025 nisi
419 4959 496 5043 quid
526 4959 589 5025 ista
619 4979 744 5044 quoque
773 4959 807 5025 in
835 4957 989 5025 varietate
1021 4958 1172 5024 momenti
1199 4959 1306 5026 inesse
1328 4958 1507 5040 videretur;
1541 4981 1605 5027 non
1628 4961 1720 5027 omisi
1743 4970 1954 5030 consonantes

327 5081 451 5146 litteras
472 5080 507 5144 in
529 5080 756 5165 compositione
779 5078 986 5163 sequentibus
1008 5079 1210 5145 adsimilatas
1231 5087 1288 5145 aut
1309 5099 1372 5145 non
1397 5079 1613 5162 adsimilatas‚
1647 5082 1804 5165 neglectis
1833 5089 1868 5148 ut
1896 5103 1955 5168 par

329 5208 398 5268 crat
419 5221 449 5263 ru
471 5207 504 5266 et
524 5223 545 5263 n
568 5200 683 5266 litteris
705 5221 763 5287 per
784 5200 921 5266 lineolae
943 5199 1104 5267 indicatis.
1148 5199 1229 5265 haec
1251 5197 1466 5266 adnotationis
1488 5199 1754 5287 orthographicas
1775 5202 1877 5269 moles
1898 5223 1956 5269 eo-

329 5341 399 5387 rum
428 5319 629 5406 potissimum
654 5321 688 5386 in
711 5341 804 5387 usum
827 5321 1035 5406 proponenda
1055 5319 1228 5386 videbatur
1249 5339 1382 5403 quorum
1404 5320 1539 5388 interest
1560 5321 1721 5388 scribendi
1743 5322 1899 5389 rationem
1919 5322 1955 5389 in

329 5441 492 5509 veteribus
521 5441 613 5506 libris
635 5449 871 5528 comparentem
895 5460 1099 5525 cognoscere.
1145 5461 1260 5526 nempe
1282 5440 1386 5527 ipsius
1408 5441 1571 5527 scriptoris
1594 5441 1739 5509 eandem·
1753 5443 1855 5510 fuisse
1877 5463 1954 5510 con-

202 5547 206 5556 ’
294 5647 295 5652 ¹
329 5563 532 5629 suetudinem
562 5583 602 5628 ne
631 5582 788 5629 consensu
818 5561 948 5647 quidem
971 5561 1123 5628 librorum
1146 5581 1208 5627 nno
1231 5562 1407 5646 exemplari
1429 5560 1633 5628 oriundorum
1656 5563 1803 5630 efficitur.
1850 5585 1953 5648 neque
