4478 6188
1040 327 1211 388 VENANTI
1230 328 1450 387 uourvnu'rl

771 525 819 586 ‘te
842 539 937 606 sopor
959 521 1011 586 hic
1034 521 1166 603 retinet,
1192 521 1347 587 Martinus
1370 528 1434 587 stat
1456 521 1547 585 foris'
1570 518 1692 604 inquit,

773 629 823 689 ‘tu
846 623 955 707 requie
978 624 1094 689 frueris
1117 630 1149 690 et
1172 624 1309 691 sustinet
1329 625 1386 690 ille
1410 625 1548 690 labores.

767 727 906 793 molliter
927 727 997 812 ipse
1020 735 1106 811 toro,
1131 728 1215 794 iacet
1236 728 1292 793 ille
1315 728 1348 793 in
1371 748 1527 794 marmore
1550 727 1656 793 duro'.

768 831 926 896 excutitur
946 830 1093 916 trepidus
1115 852 1190 896 mox
1214 852 1230 897 e
1255 851 1364 897 somno
1387 832 1571 911 Avitianus,

768 935 940 999 Martinum
963 936 1148 1001 exclamans
1171 936 1292 1001 foribus
1315 937 1468 1002 recubare
1490 943 1666 1016 sacratum,
1755 943 1762 954 '

767 1039 906 1124 imperat
927 1047 960 1111 st
981 1038 1128 1120 famulis,
1156 1045 1300 1105 reserent
1322 1047 1356 1105 ut
1378 1039 1519 1104 claustra
1540 1041 1654 1118 beato,

769 1163 809 1208 ne
833 1163 960 1208 servum
984 1142 1105 1209 Christi
1127 1143 1345 1208 venerandum
1369 1142 1485 1208 iniuria
1507 1151 1612 1208 vexet.

769 1245 843 1311 hinc
866 1246 979 1312 famuli
1000 1246 1151 1312 inludunt
1172 1245 1302 1312 domiuo
1324 1247 1501 1331 crepitante
1524 1246 1697 1329 cachinno,

768 1349 912 1416 dicentes
935 1349 1055 1434 stupidi
1079 1369 1114 1415 se
1137 1350 1260 1415 somnia
1283 1370 1367 1414 vana
1390 1350 1516 1414 videre:

769 1474 845 1538 prae
868 1453 990 1519 foribus
1011 1453 1137 1518 nullum
1160 1453 1302 1519 residere
1325 1453 1376 1518 vei
1400 1471 1472 1519 esse
1494 1454 1644 1518 uirorum.

770 1577 877 1621 rursus
900 1557 1067 1641 praecipiti
1089 1557 1244 1641 premitur
1266 1577 1376 1622 somno
1398 1556 1578 1622 Avitianus.

769 1661 906 1742 augelus
928 1660 1003 1725 iude
1027 1660 1128 1725 virum
1152 1661 1321 1726 violentior
1343 1657 1462 1726 excitat
1485 1681 1644 1744 urguens,

769 1763 909 1828 concutit
930 1771 963 1829 et
986 1764 1143 1846 graviter,
1170 1783 1210 1828 ue
1233 1764 1363 1830 cederet
1383 1764 1452 1848 ipse
1477 1765 1593 1849 sopori.

769 1866 898 1932 territus
921 1866 995 1932 hinc
1017 1867 1133 1949 iudex,
1161 1869 1245 1932 ultra
1267 1887 1371 1952 neque
1394 1867 1546 1934 credulus
1568 1868 1643 1942 uili,

770 1970 956 2055 postpositis
978 1971 1109 2036 famulis
1133 1971 1219 2036 celer
1241 1971 1283 2036 ad
1306 1992 1365 2037 sua
1387 1971 1501 2036 limina
1523 1973 1628 2055 pergit

770 2081 865 2158 atque
888 2074 933 2139 ibi
955 2074 1127 2139 Martinam
1150 2074 1284 2159 reperit,
1311 2095 1369 2139 ceu
1394 2082 1539 2140 senserat
1561 2075 1649 2139 oiim.

769 2185 835 2243 tum
859 2178 947 2243 ferus
970 2178 1144 2261 alloquitur
1166 2185 1312 2242 sanctum
1335 2178 1386 2242 his
1409 2178 1541 2243 vocibus
1563 2178 1662 2244 uitro:

774 2265 887 2362 quid,
913 2281 1065 2363 Martius,
1091 2280 1169 2346 mihi
1192 2281 1273 2347 facis
1296 2282 1372 2362 hoc,
1399 2281 1582 2347 venerande
1604 2281 1778 2347 sacerdos?

770 2405 832 2449 nou
855 2404 978 2450 mecum
1001 2385 1147 2467 aequali,
1173 2384 1294 2466 fateor,
1321 2385 1495 2450 certamine
1517 2405 1659 2469 pugnas:

770 2486 967 2552 absolvendo
990 2508 1061 2553 reos
1084 2488 1176 2553 venis
1200 2495 1232 2553 et
1253 2509 1304 2554 me
1327 2488 1460 2554 uerbere
1482 2495 1622 2572 torques.

770 2611 811 2655 au
835 2610 885 2655 me
908 2611 966 2676 pro
989 2592 1111 2657 eunctis
1134 2611 1254 2675 poenas
1277 2592 1443 2657 exsolvere
1467 2592 1587 2672 mavis,

771 2694 866 2776 eligis
888 2702 945 2760 aut
966 2693 1091 2760 facinus
1113 2715 1187 2760 mea
1209 2715 1265 2780 per
1287 2702 1444 2760 tormenta
1465 2695 1609 2779 pacisci?

770 2797 830 2862 suh
853 2804 969 2870 tortore
992 2819 1074 2864 novo
1097 2805 1259 2864 mutantur
1281 2805 1425 2883 tempora
1447 2799 1575 2864 caedis:

770 2921 877 2986 poeua
898 2900 1016 2966 diurna
1038 2922 1109 2967 reos
1133 2902 1268 2982 cruciat,
1297 2922 1348 2967 me
1371 2910 1464 2967 nocte
1488 2902 1619 2986 fatigas.

770 3024 863 3070 serve
886 3003 956 3085 dei,
982 3005 1086 3088 putuit
1107 3025 1204 3088 quam
1227 3005 1269 3071 sit
1289 3004 1347 3070 tibi
1370 3005 1458 3070 celsa
1480 3005 1641 3088 potestas,

770 3107 898 3190 quaudo
921 3106 1104 3192 flagellatur
1125 3107 1268 3191 graviter
1289 3116 1321 3173 tc
1343 3108 1450 3174 iudice
1472 3108 1581 3174 iudex.

705 3235 718 3272 a
771 3210 844 3276 hinc
866 3218 974 3276 tamen
996 3211 1067 3296 ipse
1090 3212 1222 3295 probas,
1249 3231 1374 3277 mecum
1396 3211 1439 3276 sit
1460 3212 1598 3293 qualiter
1619 3219 1744 3295 aetum,

771 3335 843 3380 cum
865 3336 923 3401 per
946 3335 997 3380 me
1018 3314 1112 3380 venio
1134 3335 1195 3380 nec
1217 3314 1355 3380 amicum
1378 3335 1438 3380 nec
1460 3335 1536 3398 rogo
1560 3336 1706 3382 servum:

771 3438 835 3482 uon
857 3419 975 3503 patitur·
998 3417 1127 3484 differre
1150 3439 1256 3484 moras
1279 3439 1374 3502 quem
1397 3438 1502 3502 poena
1525 3426 1658 3484 coercet.

771 3521 817 3586 nil
840 3541 920 3605 opus
943 3529 992 3588 est
1014 3522 1136 3589 verbis:
1164 3521 1260 3587 tacito
1282 3529 1314 3588 te
1336 3540 1433 3587 nosco
1456 3522 1541 3603 quod
1564 3529 1667 3604 optas.

771 3625 865 3707 cede,
893 3645 1021 3710 precor,
1047 3625 1179 3691 discede
1200 3626 1288 3706 loco,
1316 3625 1455 3691 concede
1477 3624 1564 3706 quod
1586 3646 1657 3706 oro,

671 3750 716 3790 rso
770 3750 811 3795 ne
833 3735 890 3794 tua
911 3749 962 3795 me
985 3727 1127 3812 graviter
1149 3729 1210 3794 cito
1233 3729 1347 3813 puniat
1369 3728 1447 3794 uitio
1471 3728 1618 3794 vindex'.

538 3936 634 3998 supro.
655 3936 716 3986 erar.
738 3938 793 3987 111.

436 4075 551 4136 trepidus
574 4075 713 4136 exclamat,
740 4075 877 4125 Martinum
897 4091 952 4124 esse
971 4090 1014 4138 pro
1033 4075 1144 4124 iuribus:
1171 4075 1238 4124 irent
1255 4077 1383 4137 protinus,
1412 4076 1519 4124 claustra
1537 4081 1690 4138 reserarent,
1718 4090 1749 4123 ne
1769 4075 1809 4124 dei
1828 4091 1915 4126 seruus
1935 4049 2069 4140 pateretur

435 4161 562 4210 iniuriam.
605 4159 638 4221 (4)
658 4160 702 4209 sed
720 4161 767 4221 iili,
790 4167 819 4210 ut
837 4168 876 4210 est
893 4165 1005 4212 omnium
1024 4168 1114 4211 natura
1132 4175 1273 4224 servorum,
1295 4163 1338 4209 vix
1357 4163 1435 4222 prima
1452 4161 1539 4208 limina
1557 4163 1666 4222 egressi,
1687 4163 1826 4210 inridentes
1844 4163 1973 4211 dominum
1992 4179 2069 4212 suum

437 4245 503 4308 quod
526 4246 654 4294 somnio
675 4245 712 4306 (dc
731 4246 814 4310 Proto,
836 4261 921 4297 somno
939 4247 1022 4310 codd.)
1048 4249 1139 4296 suisset
1164 4247 1283 4307 inlusus,
1310 4252 1402 4307 negant
1420 4260 1570 4308 quemquam
1588 4260 1644 4295 esse
1662 4262 1704 4310 pro
1723 4249 1831 4310 toribus,
1856 4263 1889 4296 sx
1906 4254 2007 4298 suomet
2026 4251 2069 4298 in-

436 4327 512 4392 genio
536 4331 705 4380 coniectantes
729 4334 856 4383 nemiuem
880 4343 951 4384 nocte
976 4348 1049 4398 posse
1075 4336 1191 4396 vigilare,
1217 4335 1310 4382 nedum
1333 4334 1370 4382 iili
1394 4334 1538 4396 crederent,
1567 4335 1593 4381 iu
1617 4334 1662 4382 illo
1687 4335 1767 4382 noctis
1791 4334 1888 4383 horrore
1909 4335 1992 4383 iacere
2010 4345 2070 4384 aute

438 4419 521 4466 aliena
546 4418 635 4466 limina
657 4419 821 4468 sacerdotem:
849 4421 926 4483 idque
945 4421 1062 4470 Avitiauc
1086 4420 1159 4468 tacite
1182 4434 1331 4482 persuasum
1354 4425 1401 4467 est.
1440 4433 1539 4468 rursum
1562 4420 1667 4467 solvitur
1688 4421 1717 4467 in
1742 4433 1865 4482 soporem:
1894 4421 1939 4468 sed
1962 4435 2021 4470 mox
2044 4423 2069 4468 ui

439 4506 531 4553 maiore
551 4513 687 4554 concussus
706 4507 829 4556 exclamet
846 4507 983 4555 Martinum
1002 4512 1067 4555 stare
1085 4521 1128 4570 pro
1147 4507 1256 4555 toribus:
1282 4507 1331 4554 sibi
1354 4506 1408 4554 ideo
1427 4505 1520 4553 nullam
1539 4507 1651 4567 quietem
1669 4507 1747 4554 animi
1765 4507 1923 4568 corporisque
1942 4508 2068 4568 permitti.

441 4593 475 4652 (5)
500 4590 657 4640 tardantibus
681 4593 759 4641 serris
782 4594 837 4656 ipse
860 4609 941 4657 usque
963 4593 994 4642 ad
1017 4595 1104 4642 limina
1127 4595 1251 4642 exteriora
1274 4593 1445 4655 progreditur:
1480 4593 1515 4640 ibi
1539 4593 1675 4640 Murtinnm
1700 4599 1729 4641 ut
1752 4598 1864 4641 senserat
1889 4593 2069 4654 deprehendit.

439 4678 571 4738 perculsus
589 4679 665 4726 miser
683 4683 768 4728 tantm
788 4681 890 4729 virtutis
907 4681 1122 4743 manifestatione,
1144 4681 1219 4742 quid,
1241 4679 1344 4740 inquid,
1373 4679 1435 4726 mihi
1455 4679 1512 4741 hoe,
1541 4678 1655 4740 domine,
1682 4679 1783 4726 fecisti?
1819 4677 1852 4739 (6)
1875 4679 1938 4727 nihil
1956 4684 1982 4727 te
2000 4680 2071 4740 loqui

439 4777 541 4812 necesse
560 4770 613 4815 est:
633 4767 684 4814 seio
701 4767 761 4827 quid
780 4767 923 4829 desideres,
944 4767 1017 4814 video
1035 4767 1096 4828 quid
1115 4767 1242 4827 requiras:
1269 4766 1369 4814 discede
1388 4767 1550 4826 quantocius,
1570 4779 1602 4813 ne
1620 4779 1660 4814 me
1678 4767 1710 4813 ob
1729 4766 1846 4813 iniuriam
1864 4770 1933 4814 tuam
1952 4764 2072 4813 caelestis

438 4849 475 4898 ira
493 4857 636 4899 consumet:
664 4853 726 4900 satis
745 4855 863 4902 solverim
881 4854 1012 4916 hucusque
1030 4867 1175 4916 poenarum.
1215 4851 1287 4900 erede
1306 4854 1365 4913 quia
1383 4863 1434 4900 non
1452 4851 1544 4900 leviter
1561 4851 1627 4912 apud
1647 4864 1686 4898 me
1705 4857 1787 4899 sctum
1806 4855 1856 4912 est,
1883 4856 1913 4899 ut
1935 4853 1990 4912 ipse
2008 4865 2070 4913 pro-

510 5211 558 5264 119
576 5215 667 5277 iuquid
681 5215 704 5262 P
809 5217 853 5267 121
875 5216 938 5285 toro]
951 5224 1020 5267 teora
1034 5216 1057 5266 N
1159 5213 1206 5264 122
1224 5228 1335 5263 esomno
1347 5227 1395 5263 om.
1408 5213 1439 5261 Pl
1540 5211 1588 5262 124
1606 5214 1715 5261 famulus
1727 5227 1748 5264 r.
1763 5217 1788 5260 et
1801 5210 1824 5258 N
1929 5210 1979 5261 125
1998 5215 2075 5262 uexit

441 5299 464 5376 N
569 5300 617 5352 126
634 5303 769 5352 includunt
787 5303 810 5350 P
912 5307 1014 5354 cacinno
1035 5302 1104 5351 PNB
1210 5300 1257 5350 121
1277 5301 1403 5350 discentes
1419 5299 1451 5347 ΡΙ
1557 5297 1606 5348 128
1624 5313 1668 5360 pro
1685 5299 1815 5348 Breuem
1920 5299 2040 5347 resedere
2053 5298 2077 5345 P

442 5386 490 5437 130
508 5388 619 5436 uirorum
632 5388 655 5435 P
739 5390 800 5450 fort.
816 5393 954 5441 uiolentius
1044 5404 1134 5450 urgens
1149 5389 1188 5438 hd}
1277 5388 1326 5438 132
1344 5389 1463 5437 cruduius
1476 5386 1499 5434 N
1596 5385 1643 5435 133
1663 5380 1719 5451 sura]
1733 5401 1759 5433 sa
1773 5386 1795 5432 P
1882 5382 1931 5432 134
1950 5386 2000 5432 sibi
2015 5385 2040 5434 N

438 5474 532 5535 reperit
544 5467 632 5538 BLd¹]
650 5477 762 5537 repperit
774 5477 883 5526 Pansa
985 5477 1033 5526 135
1051 5483 1103 5524 tum
1118 5471 1179 5540 PN]
1199 5475 1323 5522 concreti.
1427 5472 1475 5522 138
1494 5470 1595 5521 reusP¹
1696 5469 1851 5532 torquensit'
1956 5469 2006 5518 139
2027 5473 2073 5520 ab·

440 5559 538 5608 soluere
559 5559 599 5620 (B)
744 5551 790 5601 roo
810 5551 887 5608 elegis
907 5547 930 5596 N
1066 5550 1095 5594 ut
1114 5544 1137 5591 P
1277 5543 1321 5591 lil
1343 5548 1443 5603 torpure
1462 5542 1485 5590 P
1621 5547 1751 5588 mutantur
1771 5535 1837 5604 Pet]
1856 5539 1999 5588 multantur
2017 5541 2075 5592 nu.

444 5644 492 5692 1⁴2
511 5658 568 5692 reus
588 5641 617 5689 1³¹
725 5638 771 5687 141
792 5643 865 5698 patur
885 5635 908 5682 N
1013 5632 1106 5679 differri
1126 5630 1156 5690 N,
1177 5631 1259 5678 differi
1280 5628 1307 5675 M
1411 5629 1525 5676 cohercet
1544 5626 1578 5690 M,
1599 5629 1689 5676 coeroit
1710 5627 1732 5672 P
