4506 6248
813 1637 973 1735 LIBER
1014 1637 1262 1736 nectutis
1312 1665 1317 1672 “

1028 1903 1044 1966 I

731 2042 918 2138 Expositio
950 2025 1119 2117 orationis
1146 2042 1342 2116 dominicae

308 2233 414 2296 Tanta
436 2231 565 2316 pietatis
588 2229 747 2314 profunda
770 2228 998 2308 misericordia,
1024 2228 1081 2294 filii
1105 2229 1318 2311 dilectissimi,
1345 2229 1428 2295 circa
1443 2249 1546 2313 genus
1562 2229 1735 2295 humanum
1751 2229 1851 2295 nostri

222 2335 327 2419 patuit
350 2334 535 2414 salvatoris,
568 2353 632 2416 qua
661 2353 719 2398 nos
749 2339 878 2422 ereptos
908 2333 949 2398 de
978 2333 1196 2398 concatenatis
1224 2333 1335 2398 mundi
1360 2332 1541 2416 naufragiis
1564 2332 1606 2398 ad
1628 2339 1755 2417 portum
1777 2353 1853 2417 per-

221 2444 338 2521 petuae
361 2436 477 2501 detulit
499 2435 675 2518 libertatis,
709 2442 746 2502 ut
767 2456 826 2501 nec
848 2436 956 2501 verbis
978 2435 1111 2518 exsequi
1134 2455 1193 2501 nec
1217 2435 1329 2520 lingua
1352 2435 1498 2520 patefieri
1520 2456 1625 2518 neque
1647 2435 1721 2520 ipsa
1743 2436 1851 2500 valeat

222 2539 414 2624 cogitatione
437 2539 576 2624 pulsari;
611 2540 663 2604 cui
693 2559 806 2624 parum
833 2539 1002 2604 videbatur
1024 2538 1064 2604 de
1087 2539 1163 2604 limo
1186 2538 1271 2622 quod
1294 2538 1437 2605 condidit
1458 2538 1546 2622 quod
1568 2559 1677 2604 cruore
1700 2537 1847 2620 redemit,

190 2641 308 2726 equod
329 2642 489 2726 baptismo
513 2641 689 2722 renovavit,
715 2641 779 2707 nisi
802 2642 844 2706 ad
867 2642 981 2708 salutis
1005 2643 1184 2724 cumulum,
1211 2661 1301 2708 meus
1324 2650 1432 2707 nostra
1454 2662 1495 2708 ue
1517 2643 1644 2727 lapsum
1667 2641 1852 2725 ignoranter

221 2746 407 2828 incurreret,
434 2745 607 2810 instrueret
629 2746 726 2811 etiam
749 2745 888 2828 qualiter
911 2753 1072 2810 exoraret:
1100 2765 1158 2825 ne,
1185 2745 1214 2809 si
1235 2765 1300 2811 nou
1322 2735 1482 2811 docuisset
1503 2744 1768 2828 quemadmodum
1793 2744 1851 2809 de-

221 2848 371 2914 beremus
393 2847 496 2914 iustas
519 2848 583 2914 voti
605 2867 719 2932 preces
742 2848 873 2929 offerre,
906 2867 1051 2912 essemus
1080 2854 1135 2912 aut
1161 2855 1246 2913 certe
1268 2848 1432 2913 temerarii
1453 2855 1510 2913 aut
1530 2847 1645 2914 erroris
1667 2849 1751 2914 nube
1775 2867 1851 2913 ecn-

221 2950 284 3016 fusi
308 2958 340 3016 et
363 2951 535 3017 nesciendo
557 2971 640 3035 quae
663 2957 773 3036 petere
797 2951 900 3034 magis
922 2950 1164 3016 admitteremus
1187 2958 1374 3036 peccatum,
1408 2951 1514 3035 potius
1537 2971 1608 3016 cum
1631 2970 1769 3036 purgare
1792 2951 1850 3017 de-

220 3054 368 3120 beremus
399 3053 595 3134 admissum,
632 3061 665 3118 et
693 3053 778 3118 unde
808 3054 1057 3138 expectabamus
1088 3073 1184 3138 posse
1214 3053 1323 3119 venire
1353 3054 1559 3137 suffragium,
1597 3054 1779 3120 videremur
1799 3054 1851 3119 in-

174 3184 202 3224 ro
223 3177 349 3222 currere
372 3157 617 3238 detrimentum,
652 3176 724 3222 eum
751 3157 791 3221 de
815 3155 956 3222 oratione
979 3156 1143 3222 incondita
1165 3156 1256 3222 fieret
1278 3155 1415 3240 periculi
1435 3157 1510 3240 plus
1532 3176 1629 3222 causa
1652 3177 1747 3240 quam
1770 3156 1846 3221 voti.

226 3261 265 3342 (ἲ)
293 3259 372 3325 Inde
394 3259 569 3326 retinentes
592 3260 663 3324 eius
685 3258 840 3342 mysteria
863 3266 894 3324 et
916 3279 1013 3340 quam
1033 3259 1135 3323 multa
1150 3259 1214 3325 siut
1229 3259 1262 3323 iu
1278 3259 1436 3324 brevitate
1452 3260 1589 3342 conlata,
1616 3267 1744 3344 propter
1758 3260 1851 3325 aedi-

219 3362 400 3428 ficationem
423 3363 580 3428 ecclesiae
603 3363 716 3446 paucis
740 3361 893 3427 docemus
917 3362 1089 3446 explicare,
1116 3362 1193 3446 quia
1208 3369 1283 3427 tunc
1298 3361 1390 3427 nobis
1405 3362 1520 3427 melius
1536 3363 1709 3446 placebunt
1722 3364 1846 3444 auditu,

219 3485 290 3531 cum
313 3465 479 3551 patuerint
502 3465 680 3546 intellectu.
726 3465 834 3548 itaque
858 3465 1029 3550 adipsum
1052 3465 1220 3530 veniamus
1243 3471 1374 3530 sanctae
1397 3464 1550 3530 orationis
1573 3484 1762 3531 sermonem.

312 3569 350 3650 (3)
379 3569 496 3632 Pnuuu
519 3585 654 3633 uosuuu
677 3587 736 3647 qur
759 3585 799 3633 us
822 3587 859 3632 rx
882 3586 1012 3633 exuuio.
1059 3569 1141 3633 Ecce
1165 3589 1228 3632 vox
1250 3567 1370 3632 domini
1390 3566 1618 3652 praedicantis,
1645 3568 1685 3634 de
1700 3589 1762 3652 quo
1777 3589 1851 3654 pro-

168 3699 198 3740 ra
217 3669 316 3754 pheta
338 3669 433 3736 dicit:
469 3673 562 3734 nuber
583 3675 696 3753 piuant
718 3675 846 3753 iustum,
880 3691 1018 3736 arcanae
1042 3670 1196 3736 scientiae
1219 3671 1326 3735 lumen
1351 3670 1465 3736 effudit
1487 3677 1532 3748 et,
1566 3676 1602 3736 ut
1622 3679 1763 3736 nostram
1787 3672 1853 3737 ari-

218 3772 351 3838 ditatem
376 3774 535 3837 sermonis
558 3773 659 3839 imbre
682 3772 844 3856 reficeret,
874 3773 974 3839 veluti
997 3773 1068 3838 tous
1091 3793 1194 3856 aquae
1218 3773 1364 3838 salientis
1386 3773 1503 3858 erupit.
1599 3775 1637 3857 ii)
1665 3774 1745 3852 Quis
1766 3775 1851 3840 euim

215 3882 339 3942 tantum
364 3881 525 3941 secretum
548 3877 694 3960 mysterii
718 3876 867 3942 caelestis
889 3876 1073 3941 hominibus
1096 3877 1258 3942 revelaret
1279 3883 1335 3941 aut
1358 3876 1417 3942 boc
1432 3876 1548 3943 docere
1564 3878 1616 3942 vel
1632 3885 1852 3961 praesumeret

216 3979 270 4044 vei
295 3979 414 4044 scireti
450 3979 606 4061 numquid
621 3978 797 4062 Abraham,
823 3979 961 4063 Moyses,
990 3978 1147 4063 propbeta
1170 3978 1221 4044 rel
1245 3979 1391 4062 angelus,
1417 3978 1481 4045 nisi
1502 3979 1697 4063 unigenitus,
1725 3979 1775 4044 cui
1792 3979 1852 4045 soii

217 4080 251 4145 iu
281 4081 462 4146 maiestatis
492 4082 694 4165 plenitudine
725 4089 817 4166 pater
847 4089 896 4146 est
925 4087 1040 4147 notus?
1083 4102 1158 4146 uam
1181 4082 1298 4165 reliqui
1321 4089 1444 4147 tantum
1467 4089 1651 4148 meruerunt
1672 4082 1713 4147 de
1736 4082 1796 4148 deo
1819 4081 1852 4148 in

167 4190 302 4254 aeterra
331 4203 526 4267 cognoscere
558 4191 713 4267 quantum
742 4184 812 4268 ipse
843 4185 883 4248 de
907 4185 997 4250 caelo
1020 4184 1122 4250 voluit
1144 4183 1341 4250 ministrare:
1374 4184 1461 4250 filius
1484 4185 1585 4267 enim,
1620 4186 1654 4251 in
1675 4205 1738 4268 quo
1760 4192 1853 4269 pater

218 4293 268 4352 est
289 4293 374 4352 totus
402 4286 526 4353 unitate
550 4287 766 4368 substantiae,
800 4308 863 4352 uon
886 4287 1072 4353 confusione
1096 4307 1269 4372 personae,
1297 4289 1474 4354 subiectum
1497 4288 1638 4354 habebat
1660 4288 1719 4354 boo
1742 4307 1848 4371 nosse,
1942 4339 1946 4346 1

289 4566 300 4612 1
372 4568 399 4613 in
419 4564 541 4626 Oinripit
560 4566 611 4612 olio
629 4579 728 4627 monus,
749 4567 836 4613 titteris
854 4565 1029 4626 grandioribus
1047 4553 1226 4614 ct'utrumeuto
1244 4565 1351 4624 forciore
1367 4570 1437 4614 utens
1534 4568 1573 4615 tit.
1592 4580 1641 4616 om.
1661 4565 1684 4612 R
1779 4563 1852 4633 exp]

219 4663 321 4698 rxcrrrr
340 4665 366 4700 s.
389 4650 676 4710 monumentor-1³
698 4651 722 4696 D
826 4666 852 4700 u.
874 4665 898 4700 o.
923 4653 943 4699 G
1051 4651 1059 4700 i
1083 4658 1166 4700 tautae
1186 4648 1267 4699 bute
1371 4650 1385 4700 2
1405 4647 1465 4717 qua]
1484 4651 1583 4713 quun
1687 4651 1772 4701 adet.
1793 4649 1853 4719 lib]

217 4738 262 4787 lib.
283 4737 333 4785 det.
357 4736 377 4784 L
508 4739 614 4798 exsequi
633 4733 767 4803 abusu]
785 4740 886 4798 exsiqui
909 4738 935 4794 C,
956 4740 1049 4800 exequi
1069 4737 1096 4784 t!
1224 4751 1307 4798 neque
1327 4735 1354 4783 tt
1481 4737 1588 4798 patifleri
1612 4737 1631 4784 C
1759 4736 1854 4806 ualeat]

217 4824 319 4871 ualeant
337 4821 410 4871 codd.
553 4821 674 4885 tparum
695 4839 721 4871 u.
742 4823 767 4872 d.
788 4819 820 4889 1.]
848 4838 936 4885 parum
956 4825 1014 4871 uide
1033 4825 1092 4872 iimo
1110 4822 1176 4885 Bu,
1210 4837 1296 4885 parum
1316 4823 1366 4870 tuit
1384 4822 1415 4871 de
1432 4823 1491 4871 iimo
1508 4819 1544 4870 B²
1681 4823 1795 4872 condedit
1815 4824 1851 4871 Mi

219 4910 234 4958 5
257 4910 380 4971 pabtisme
402 4909 424 4955 0
545 4922 577 4956 ue
595 4923 644 4958 om.
666 4908 697 4955 0¹
821 4909 836 4958 o
855 4910 1024 4957 instrueretur
1044 4908 1108 4955 rt1>¹
1230 4923 1261 4957 ne
1281 4910 1301 4956 si
1320 4905 1402 4974 Dm]
1420 4911 1469 4956 nisi
1486 4911 1540 4958 rell.
1659 4923 1706 4957 uon
1725 4923 1774 4960 em.
1797 4910 1817 4958 L

219 4995 364 5044 deberimus
385 4994 418 5042 Αι
524 4993 537 5041 7
558 4997 680 5043 teuercrii
702 4997 774 5054 (erue.
789 4997 821 5052 ru]
845 4996 869 5041 D
975 5003 1018 5043 aut
1036 5009 1084 5044 om.
1105 4995 1175 5042 BLR
1279 5008 1372 5043 errores
1392 4993 1428 5041 iii¹
1534 4996 1625 5042 nubem
1644 4995 1669 5040 Ι)
1773 4993 1788 5043 8
1808 5009 1852 5056 pe·

219 5086 283 5130 teret
302 5082 382 5141 magia
399 5078 439 5141 θ’,
461 5081 612 5142 petramagis
625 5079 657 5139 D,
679 5079 739 5139 sort.
759 5089 901 5142 peteremus
919 5087 1038 5129 edomate
1056 5086 1109 5141 port
1128 5083 1211 5142 potius
1227 5083 1305 5143 potito
1410 5081 1570 5129 admittemus
1589 5081 1619 5140 L,
1639 5081 1790 5130 admitemus
1809 5081 1850 5142 13¹,

218 5167 399 5215 admiteremus
417 5163 451 5212 132
555 5179 610 5213 cum
631 5161 809 5231 Mommsenur]
826 5181 901 5227 quam
920 5166 989 5214 codd.
1098 5167 1240 5214 deberimus
1260 5165 1343 5212 M¹GR
1459 5165 1687 5226 9expectubamus
1706 5163 1762 5233 AC]
1779 5181 1852 5229 spec-

219 5254 333 5301 tabamus
350 5253 406 5301 reti.
515 5249 541 5300 11
564 5256 624 5297 sunt
644 5249 677 5297 Βι
785 5251 813 5299 12
834 5253 945 5300 ducimus
967 5253 992 5313 C,
1015 5253 1130 5301 docemur
1149 5255 1179 5312 A,
1201 5252 1259 5311 sort.
1281 5265 1400 5301 torremur
1504 5253 1575 5301 nobis
1594 5265 1641 5302 om.
1658 5251 1698 5314 Gi,
1720 5267 1764 5300 noa
1784 5250 1819 5298 Gt

219 5337 320 5386 auditui
340 5337 385 5384 BL
511 5335 540 5384 13
559 5337 701 5384 intellectui
723 5337 752 5396 L,
774 5338 931 5384 intellectum
952 5337 1060 5384 stertit
1165 5339 1265 5386 ueritum
1285 5339 1306 5383 G
1431 5337 1460 5386 15
1480 5338 1527 5386 lca.
1548 5341 1590 5398 tir,
1611 5341 1627 5385 8
1732 5340 1853 5388 archanas

219 5422 288 5471 AGL
406 5424 521 5471 sitentiue
539 5421 596 5470 B¹L
713 5425 789 5470 nostri
809 5423 949 5470 ariditatem
970 5423 999 5481 L,
1022 5433 1129 5472 nostram
1148 5424 1292 5472 ereditatem
1313 5422 1359 5484 dss,
1381 5425 1407 5471 in
1426 5437 1480 5470 raro
1499 5423 1662 5472 aeroditutem
1681 5424 1710 5484 R,
1734 5427 1760 5472 iu
1780 5440 1853 5473 rauco

219 5508 359 5557 ariditatem
379 5508 402 5554 F·
539 5506 571 5557 lb
589 5511 711 5557 reiecerat
730 5505 792 5555 d1¹R
932 5508 1002 5556 uelut
1022 5510 1043 5554 Α
1187 5508 1216 5557 li
1237 5510 1341 5555 misterii
1364 5508 1401 5566 G,
1431 5511 1530 5568 mysteri
1551 5509 1577 5556 rt
1715 5510 1854 5559 doceretb

220 5593 249 5643 21
270 5596 368 5643 unitate
388 5595 543 5642 substantiae
564 5591 646 5661 Auri]
666 5595 771 5642 unitatis
791 5596 946 5642 substantiae
966 5596 1020 5642 reiI.
