4456 6202
374 271 415 331 52
985 263 1157 322 VENANTI
1175 263 1398 320 FORTVNATI

291 457 353 522 VH
466 457 526 538 (24)
554 455 729 521 Veniamus
752 456 795 521 ad
817 453 901 520 illud
923 456 1112 521 miraculum
1135 452 1313 520 secundum
1336 451 1447 520 ordine
1469 472 1533 518 non
1555 452 1686 520 bonore.
1727 453 1842 536 Itaque
1864 472 1938 519 cum
1960 454 2011 518 vir

372 557 593 624 sanodssimus
622 557 763 641 quadam
793 557 864 624 vice
893 578 933 624 ex
962 558 1011 624 sui
1042 545 1140 623 oltici'i
1164 556 1318 623 servitute
1341 575 1458 638 aquam
1481 555 1629 622 manibus
1653 555 1834 623 venerabili
1856 555 2010 641 episeopo

370 661 584 746 porrexisset,
617 682 691 728 mox
720 660 797 728 inde
825 662 974 727 balsama
999 667 1173 746 coeperunt
1194 659 1351 744 flagrare,
1385 667 1418 726 et
1439 659 1515 725 dum
1538 658 1626 724 unda
1649 665 1808 740 curreret,
1840 660 1912 725 visa
1934 666 2012 726 sunt

372 764 526 831 crismate
546 765 717 849 respirare,
743 771 778 830 ut
799 783 883 850 pene
905 763 1049 849 pontifex
1073 765 1219 830 crederet
1240 782 1276 828 se
1298 782 1413 828 manos
1434 761 1541 847 magis
1563 782 1707 847 unguere
1730 782 1828 846 quam
1850 763 1961 829 lavare
1977 769 2011 828 et

371 868 491 934 alteras
521 885 624 950 aquas
653 874 839 951 quaereret,
873 874 909 934 ut
936 867 1059 952 priores
1083 867 1188 933 undas
1210 867 1367 932 ablueret.
1421 866 1479 948 (25)
1509 866 1579 944 Quo
1601 865 1671 932 viso
1695 865 1847 932 sacerdos
1869 886 2045 932 venera-a

370 970 480 1036 biliter
508 969 740 1056 obstupescens
769 971 831 1036 deo
856 961 981 1056 'gratias
1011 971 1053 1038 de
1084 977 1234 1055 conperto
1262 989 1395 1037 munere
1425 969 1535 1036 retulit
1563 975 1596 1034 et
1623 968 1719 1035 beato
1740 969 1893 1036 Marcello
1916 989 2009 1036 reve-

370 1073 506 1139 rentiam
537 1073 578 1139 de
607 1073 764 1158 religione
787 1074 945 1156 servavit,
981 1073 1057 1140 dum
1082 1094 1156 1140 eum
1177 1093 1242 1139 non
1263 1074 1362 1139 talem
1384 1073 1440 1157 qui
1463 1073 1598 1138 serviret
1620 1073 1679 1138 sed
1701 1073 1807 1158 potius
1831 1073 1882 1139 oui
1904 1073 2010 1140 serri-

370 1183 459 1243 retur
486 1177 629 1260 agnovit.
689 1178 749 1260 (26)
778 1177 870 1244 Vnde
904 1177 976 1260 qula
1009 1182 1133 1243 tantum
1168 1176 1398 1242 subdiaconem
1431 1174 1608 1242 admiretur
1642 1175 1819 1260 condigne,
1855 1176 1888 1242 in
1917 1176 2010 1242 cuins

371 1279 506 1346 dextera
535 1301 576 1346 ex
602 1301 688 1364 aqua
710 1280 831 1347 fiebant
853 1280 931 1346 vina
953 1282 1006 1347 vel
1029 1281 1177 1352 balsama
1199 1285 1232 1346 et
1253 1280 1410 1345 uudamm
1434 1281 1540 1364 pallor
1562 1287 1619 1347 aut
1641 1281 1676 1345 in
1698 1280 1813 1346 rubore
1835 1299 2009 1346 conversus

371 1390 421 1450 est
452 1390 508 1449 aut
541 1384 661 1450 odoret
703 1384 773 1449 Iam
806 1390 882 1450 tuno
912 1385 979 1450 illis
1007 1383 1287 1469 praefigurabatur
1315 1382 1445 1448 indiciis
1473 1383 1598 1450 suturas
1627 1382 1772 1468 pontifex
1803 1383 1858 1466 qui
1888 1383 2064 1468 dignosco

371 1495 459 1553 esset
480 1486 598 1552 crisma
619 1492 773 1568 tractme,
806 1493 838 1553 et
861 1506 933 1554 com
955 1487 1062 1554 adbuc
1086 1485 1300 1554 subdiaconus
1323 1484 1487 1553 hausisset
1509 1487 1627 1552 crisma
1649 1485 1690 1553 dc
1712 1485 1860 1570 flumine,
1893 1487 2008 1553 merito

370 1589 488 1673 dignus
510 1597 589 1671 erat,
616 1596 651 1656 ut
672 1590 777 1656 factus
801 1590 952 1657 sacerdos
974 1591 1037 1668 hoc
1059 1588 1254 1656 sacrificaret
1275 1589 1310 1655 in
1333 1589 1433 1656 tonte.

168 1744 171 1760 .
270 1693 349 1758 VIII
462 1693 524 1776 (27)
552 1692 640 1759 Illud
669 1713 795 1776 quoque
825 1693 1013 1777 mysterium
1036 1692 1165 1759 reticeri
1186 1712 1249 1758 non
1273 1691 1386 1774 debet,
1420 1690 1505 1774 quod
1528 1692 1654 1776 prolicit
1676 1692 1831 1774 auditori,
1866 1693 2008 1776 quiade

369 1796 481 1881 paucis
511 1817 596 1880 quae
626 1796 780 1863 memoria
807 1797 991 1862 recoluntur
1018 1795 1174 1879 quidquid
1204 1794 1324 1862 dictum
1347 1815 1411 1861 non
1434 1794 1531 1860 fuerit
1552 1802 1608 1860 aut
1629 1794 1766 1862 invideri
1788 1795 1929 1863 creditur
1950 1804 2008 1863 aut

370 1899 542 1964 contemni.
605 1901 666 1983 (28)
698 1899 802 1984 Igitur
834 1898 966 1983 quidam
1002 1899 1140 1966 clericus
1172 1898 1351 1964 Nonnioius
1385 1898 1512 1964 nomine
1546 1918 1700 1964 annorum
1734 1898 1859 1965 circiter
1892 1898 2061 1966 docemus

368 2009 498 2088 propter
527 2003 740 2070 suavissimae
769 2004 857 2070 vocis
884 2003 1078 2069 tinnibulum
1109 2010 1142 2069 et
1171 2001 1354 2068 dulcedinis
1376 2021 1532 2086 organum
1556 2002 1597 2068 de
1620 2002 1712 2068 fauce
1734 2003 1910 2087 prolatum,
1943 2022 2009 2086 qua

369 2105 576 2189 contingebat
597 2106 721 2173 animos
743 2106 854 2192 populi
877 2106 1042 2188 delectari,
1069 2125 1142 2172 cum
1163 2124 1354 2190 repercussa
1375 2104 1410 2170 in
1433 2104 1566 2171 auribus
1589 2105 1686 2171 solita
1708 2112 1795 2172 esset
1816 2124 1897 2171 aura
1912 2106 2008 2172 blan-
2095 2149 2100 2155 -

369 2207 449 2291 dire,
475 2208 585 2274 iussus
607 2215 657 2274 est
677 2209 719 2274 ab
742 2209 971 2276 archidiacone
994 2208 1119 2275 mellita
1141 2207 1358 2276 teneritudine
1381 2207 1566 2274 decantare.
1618 2209 1678 2292 (29)
1707 2209 1777 2288 Quo
1800 2208 1886 2274 facto
1909 2229 2008 2293 prae-

369 2312 454 2397 cepit
480 2311 587 2397 ipsum
615 2332 750 2397 puerum
779 2312 949 2398 episcopus
978 2311 1141 2396 flagellari
1170 2313 1211 2378 ob
1241 2311 1318 2392 boo,
1350 2311 1426 2393 quia
1448 2312 1584 2378 alterum
1608 2311 1747 2378 iusserat
1769 2312 1839 2398 ipso
1862 2319 2004 2378 cantare.

368 2414 482 2498 Itaque
511 2415 588 2481 dum
618 2415 754 2481 olerIous
786 2414 946 2497 caeditur,
980 2416 1151 2501 episcopus
1174 2415 1287 2499 lingua
1310 2415 1494 2480 damnatur.
1540 2415 1616 2480 lior
1638 2416 1724 2482 enim
1747 2423 1784 2482 ut
1805 2416 1925 2482 clamor
1945 2436 2008 2481 va-
2028 2433 2061 2475 ao

368 2518 512 2602 palantis
534 2519 569 2583 in
591 2538 669 2585 aure
692 2518 817 2600 sonuit,
843 2539 907 2585 vox
930 2519 972 2585 ab
995 2538 1049 2585 ore
1073 2518 1223 2585 discessit
1245 2525 1278 2585 et
1299 2538 1381 2584 novo
1403 2517 1566 2604 praedone
1590 2537 1703 2584 sonum
1727 2519 1901 2604 captivavit
1924 2539 2007 2604 pon-

368 2620 463 2687 tificis
484 2641 548 2687 vox
569 2621 714 2688 infantis.
767 2623 827 2706 (30)
855 2621 922 2688 Sed
944 2621 972 2688 si
995 2641 1094 2689 causa
1110 2621 1189 2688 facti
1205 2621 1386 2706 requiritur,
1414 2641 1469 2688 cur
1484 2622 1665 2705 contigerit,
1690 2622 1862 2690 invenitur.
1901 2622 2007 2688 Deni-

368 2745 430 2808 que
458 2725 514 2809 qui
543 2745 677 2811 puerum
707 2733 838 2792 cantme
866 2724 1044 2810 probibuit,
1080 2725 1212 2811 pertulit
1233 2725 1321 2790 vocis
1345 2723 1536 2810 dispendia,
1571 2725 1647 2808 quia
1668 2727 1803 2792 vocibus
1824 2725 2004 2793 invidebat.

368 2828 427 2894 Cui
451 2848 528 2912 ergo
550 2849 614 2895 non
629 2836 723 2896 nocet
735 2829 869 2908 invidia,
898 2829 924 2894 si
941 2829 1093 2914 episcopo
1109 2849 1173 2895 non
1188 2829 1334 2915 pepercit
1347 2828 1513 2894 vindicta?
1562 2829 1622 2912 (31)
1650 2828 1742 2895 Vnde
1758 2829 1904 2913 quisquIs
1919 2828 2008 2913 quod
2122 2913 2127 2920 ·

366 2932 566 2998 in'alternm
599 2931 709 2999 videre
736 2952 801 2998 non
828 2932 916 3017 cupit
944 2952 1008 2997 non
1036 2931 1181 3014 babebit,
1215 2931 1312 2997 immo
1342 2931 1402 2998 boc
1425 2931 1486 2998 sibi
1510 2931 1651 3016 denegat
1672 2933 1758 3016 quod
1780 2933 1863 2998 alios
1885 2932 2007 3001 babere
2028 2950 2061 2992 2⁵

366 3055 430 3100 non
454 3041 554 3120 optat.
603 3035 715 3102 Omnis
738 3035 824 3102 enim
847 3035 902 3117 qui
925 3035 1020 3102 alteri
1044 3035 1174 3119 lapsum
1196 3041 1289 3119 parat
1313 3034 1379 3100 iam
1401 3034 1534 3116 cecidit,
1567 3041 1600 3103 et
1622 3043 1795 3120 antequam
1817 3035 1950 3102 inducat
1972 3035 2007 3101 in

366 3140 536 3222 laqueum,
573 3144 701 3204 tenetur
729 3139 801 3224 lpse
829 3138 1012 3224 captivante
1042 3146 1178 3224 peccato
1209 3138 1344 3222 ligatus,
1377 3158 1449 3204 cum
1479 3139 1584 3222 magis
1615 3139 1643 3204 si
1672 3137 1828 3223 proficere
1855 3138 2007 3204 volumus

366 3242 503 3309 aliorum
536 3241 700 3327 profectus
733 3248 861 3308 nostros
895 3259 969 3309 esse
1003 3240 1185 3307 credamus.
1244 3245 1305 3325 (32)
1333 3241 1447 3325 Itaque
1476 3240 1562 3308 idem
1594 3241 1746 3307 sacerdos
1777 3241 2006 3326 pertriduum

367 3345 428 3412 etsi
457 3344 687 3411 deambulabat
713 3365 771 3430 per
799 3345 956 3429 compita,
988 3352 1097 3410 tamen
1127 3344 1256 3411 iacebat
1285 3343 1398 3428 lingua
1428 3345 1568 3431 sepulto.
1616 3345 1688 3410 Non
1717 3344 1804 3411 enim
1827 3363 1925 3410 sonus
1946 3365 2007 3429 po-

366 3456 450 3516 terat
479 3468 670 3534 repercussa
697 3448 798 3534 palati
827 3467 956 3514 camera
985 3447 1144 3514 resultare
1166 3467 1227 3514 nec
1249 3447 1334 3513 intra
1356 3467 1466 3532 sepem
1489 3446 1634 3514 dentium
1656 3467 1721 3513 vox
1743 3448 1858 3532 lingua
1879 3453 2005 3514 rotante
2028 3467 2060 3509 oo

366 3551 512 3637 disponi,
546 3552 604 3618 sed
635 3557 734 3618 totum
763 3552 849 3636 quod
872 3551 1060 3637 perdiderat
1081 3570 1135 3617 ore
1158 3557 1246 3616 muto
1268 3550 1440 3636 prodebat.
1492 3553 1552 3636 (33)
1580 3552 1671 3617 Tunc
1693 3551 1809 3618 beatus
1830 3550 2005 3618 Marcellus

365 3655 416 3721 bis
446 3655 554 3722 verbis
584 3656 731 3742 appellat
760 3655 959 3741 pontificem:
994 3654 1084 3720 Licet
1112 3655 1319 3737 intellegam,
1353 3661 1463 3739 pastor
1486 3655 1586 3738 bone,
1619 3655 1679 3722 tibi
1707 3655 1805 3721 talem
1828 3673 1940 3720 casum
1963 3656 2005 3722 de

366 3760 463 3844 culpa
492 3759 639 3842 venisse,
671 3765 780 3825 minen
811 3757 969 3842 quidquid
998 3757 1104 3823 visin
1127 3757 1256 3824 nornine
1280 3757 1401 3824 domini
1424 3778 1572 3826 sermone
1594 3778 1780 3844 prorumpe.
1825 3757 1886 3824 His
1908 3757 2005 3825 dictis

365 3861 472 3928 adhoc
499 3863 587 3928 beati
609 3862 753 3928 Marcelli
783 3881 886 3928 sermo
917 3861 1106 3928 volvebatur
1134 3861 1169 3927 in
1198 3881 1252 3927 ore
1283 3868 1315 3928 et
1342 3861 1408 3929 iam
1438 3863 1525 3945 quod
1553 3861 1770 3947 imperaverat
1799 3860 2001 3928 oboediebat.

371 3967 431 4048 (34)
467 3963 593 4032 Deinde
621 3972 793 4048 antequam
823 3967 885 4031 iste
914 3964 1107 4049 explicaret,
1141 3963 1198 4029 ille
1226 3963 1392 4048 respondit
1422 3963 1552 4030 dicens:
1586 3965 1651 4030 Vos
1682 3964 1760 4030 mibi
1789 3963 1849 4030 boc
1879 3963 2005 4031 fecistis
2026 3985 2059 4026 aa

363 4088 499 4152 quorum
528 4067 628 4134 iussio
657 4068 734 4150 fuit,
769 4076 804 4135 ut
833 4069 915 4134 alter
944 4075 1088 4134 cantaret
1109 4087 1205 4150 quam
1229 4086 1289 4151 ego
1312 4087 1554 4152 praeceperam.
1601 4069 1643 4134 Et
1664 4066 1740 4132 dum
1763 4067 1827 4134 ista
1848 4067 2000 4150 loquitur,

364 4170 505 4238 amissae
527 4171 616 4236 vocis
639 4170 743 4255 gratia
765 4170 969 4237 reformatur.
1022 4171 1086 4254 (35)
1112 4170 1302 4237 Omeritum
1318 4169 1516 4253 subdiaconi,
1545 4171 1600 4254 qui
1614 4191 1725 4237 vocem
1740 4170 1879 4237 restituit
1895 4190 2005 4236 sacer-

365 4273 432 4340 doti
461 4278 494 4340 et
521 4291 617 4339 versa
639 4274 711 4340 vice
734 4275 818 4358 quod
841 4275 989 4359 accipere
1012 4274 1125 4339 debuit
1146 4273 1208 4338 boo
1230 4272 1378 4356 indulsit,
1413 4274 1468 4357 qui
1492 4273 1617 4340 debiles
1640 4274 1752 4340 fauces
1775 4273 1913 4340 armavit
1935 4275 2005 4340 elo·

453 4533 584 4604 lordlne]
602 4538 629 4584 in
647 4538 734 4586 ordine
752 4538 776 4584 Ρ
895 4549 952 4584 cum
969 4540 1026 4597 port
1045 4535 1221 4584 sanctissimus
1239 4547 1360 4594 ruperam.
1383 4533 1419 4581 F1
1542 4533 1609 4583 Iex
1628 4531 1680 4601 aui]
1697 4536 1760 4584 exul
1780 4535 1824 4582 Ρ.
1923 4533 2007 4584 bex-

332 4677 335 4683 ,
363 4623 422 4671 Inde
442 4623 464 4669 F
611 4621 626 4673 8
645 4623 827 4673 subdiaconum
848 4622 887 4684 (Ρ)
1041 4619 1057 4670 9
1074 4623 1190 4670 ruborem
1208 4646 1243 4656 -
1263 4619 1294 4669 to
1313 4619 1413 4669 odorem
1433 4619 1473 4681 (Ρ)
1632 4621 1663 4670 10
1682 4623 1798 4670 loturum
1816 4622 1964 4684 poutltlcem
1984 4624 2007 4670 F

366 4707 393 4757 ll
415 4704 453 4775 et]
470 4709 514 4757 sed
532 4710 622 4759 Suriae
769 4709 855 4759 bausit
871 4709 895 4755 F
1051 4707 1082 4758 12
1101 4702 1204 4773 dignos]
1223 4720 1272 4757 om.
1290 4708 1311 4753 F
1457 4702 1498 4772 ut]
1516 4711 1543 4755 et
1561 4708 1583 4754 F
1729 4708 1858 4770 adiiceret,
1878 4723 1931 4758 roa.
1952 4714 1964 4757 t
1982 4711 2007 4757 F

365 4794 395 4844 13
414 4795 571 4846 auditoribus
590 4798 633 4858 qm
652 4811 717 4858 quae
735 4795 854 4846 memoria
872 4795 896 4842 F
1026 4793 1057 4843 15
1077 4791 1223 4861 nonnlcius]
1242 4793 1271 4854 F,
1293 4793 1425 4842 nonnitlus
1443 4793 1472 4852 P,
1494 4793 1632 4842 mlntuqus
1651 4792 1741 4842 Furius
1871 4793 1903 4843 16
1921 4796 2004 4844 tlnni-

363 4879 463 4949 bulum]
483 4882 513 4946 P,
532 4883 681 4933 tinnibllum
700 4885 730 4946 F,
750 4882 956 4932 tintlnnabulnm
975 4881 1065 4931 Sarius
1190 4879 1220 4930 tt
1240 4881 1347 4940 contigit
1366 4880 1388 4926 F
1500 4885 1569 4928 osset
1587 4875 1660 4946 eura]
1678 4880 1709 4942 P,
1729 4881 1763 4928 sit
1780 4895 1842 4929 sors
1860 4881 1888 4941 F,
1910 4887 1935 4928 et
1954 4896 2003 4931 an·

361 4971 430 5018 ribus
449 4969 539 5018 Sarius
655 4966 780 5036 blandire]
797 4971 822 5017 F
944 4967 974 5018 18
993 4968 1165 5017 archidlacono
1189 4967 1227 5029 (Ρ)
1347 4967 1482 5015 teneritate
1501 4967 1623 5036 mellinus
1641 4965 1731 5016 durius
1837 4964 1869 5016 20
1888 4967 2003 5016 creditur

361 5054 408 5115 Ρί,
428 5069 491 5106 corr.
598 5057 710 5118 episcopi
729 5055 752 5102 Ρ
872 5052 900 5103 21
924 5067 991 5102 arcun
1010 5054 1033 5101 P
1143 5055 1256 5103 resonuit
1275 5055 1297 5100 Ρ
1406 5049 1467 5119 uox]
1487 5054 1543 5101 clus
1561 5051 1621 5100 odd.
1636 5051 1724 5100 Furius
1845 5050 1878 5100 23
1897 5052 2004 5114 diapen-

361 5141 432 5190 dlum
451 5143 474 5190 F
588 5140 621 5190 24
640 5143 756 5205 quiaquia
776 5136 854 5207 quod]
873 5141 900 5202 F,
920 5142 978 5203 qula
997 5141 1064 5204 quod
1082 5140 1111 5202 P,
1133 5142 1249 5203 quicquit
1267 5139 1322 5189 cod.
1338 5138 1407 5189 Sorai
1529 5138 1562 5188 25
1581 5134 1700 5205 alterum]
1719 5139 1743 5186 Ρ
1856 5137 1926 5186 babit
1945 5138 1969 5187 Ρ

361 5223 482 5294 denegat]
501 5227 551 5290 PF,
572 5241 621 5278 cm.
642 5227 792 5291 coddurit,
812 5227 1099 5291 perditionisque
1221 5226 1252 5275 21
1272 5221 1376 5292 ligatus]
1395 5239 1443 5274 om.
1458 5226 1482 5273 F
1583 5231 1638 5274 tum
1657 5225 1748 5274 Suriae
1864 5223 1899 5274 28
1917 5225 2001 5274 eidem

362 5317 460 5375 Sarius,
481 5315 569 5363 om.F
699 5313 732 5363 23
751 5314 825 5363 deam
841 5309 845 5379 Ι
861 5314 929 5362 labat
946 5314 970 5360 F
1073 5319 1185 5376 competa
1202 5313 1225 5360 F
1328 5308 1436 5378 iaccbat]
1454 5313 1482 5361 lu
1500 5310 1597 5361 odd.F
1699 5325 1750 5359 non
1768 5315 1865 5373 poterat
1884 5323 1962 5359 sonus
1982 5313 2005 5358 F

362 5400 394 5450 30
413 5403 489 5464 palati
508 5398 615 5468 umora]
633 5399 667 5460 cf.
689 5401 794 5450 Fortun.
819 5401 845 5448 V.
861 5399 897 5449 Μ.
920 5399 965 5462 IV,
987 5403 1020 5449 to
1038 5405 1060 5446 et
1078 5413 1198 5461 sumop.
1213 5400 1256 5462 10,
1278 5401 1294 5450 l.
1311 5403 1343 5448 17
1468 5412 1546 5460 sepen
1565 5398 1594 5458 P,
1617 5405 1687 5462 septa
1706 5399 1728 5445 F
1854 5395 1887 5446 32
1906 5397 1957 5446 tale
1979 5396 2003 5445 Ρ

362 5488 394 5538 33
413 5489 503 5536 uenire
517 5486 615 5550 Sarius,
631 5486 675 5536 sed
689 5485 746 5535 cdd.
764 5487 787 5533 F
891 5485 923 5535 36
942 5483 1030 5553 quam]
1042 5499 1118 5549 quem
1131 5485 1189 5534 odd.
1207 5486 1229 5532 F
1313 5487 1349 5532 ita
1361 5485 1385 5532 F
1486 5483 1518 5533 37
1538 5487 1630 5534 amissa
1641 5487 1711 5534 neuls
1724 5471 1802 5545 grati⁸
1820 5486 1949 5545 reparatur
1968 5484 1998 5545 F,

361 5575 460 5640 grsth?
479 5573 502 5621 P
