4456 6202
929 330 1160 388 unbounlvn.

312 556 569 641 orthographica
594 576 677 640 quae
701 554 866 640 suppressi
890 554 972 620 haee
994 561 1081 620 sant:

226 681 252 744 P
382 697 505 760 aescas,
532 682 701 760 acciperat,
727 677 857 757 diliciis,
884 678 1044 756 cumulent,
1072 697 1175 757 curso,
1204 679 1352 757 nn'sterio,
1380 677 1519 758 cybaria,
1545 677 1666 758 cybum,
1689 678 1856 758 paradyso,

434 781 589 862 cbqtaras,
616 782 814 863 dequoquere,
840 783 1035 862 quoquinam,
1062 781 1174 862 capud,
1202 781 1332 860 diviciis,
1360 782 1522 860 insaciata,
1547 781 1716 861 molliciem,
1743 781 1862 842 crutia-

434 894 507 962 tum‚
534 883 706 964 tollerabat,
734 885 934 965 canrnn'tanlc,
961 884 1150 947 lamminom.

227 990 259 1054 M
384 989 613 1068 adminuculae,
639 987 822 1071 suqnaculo,
851 996 1109 1069 cumputrescens,
1133 988 1285 1069 postulae,
1314 988 1506 1066 combaiolat,
1533 987 1689 1070 pascales,
1721 985 1858 1066 menbra,

433 1092 555 1174 lebrosi,
581 1094 717 1171 cilitium,
744 1073 884 1173 Frontis,
911 1093 1094 1173 saciaretur,
1121 1093 1325 1176 crinonqelico,
1357 1091 1508 1171 inbeciles,
1536 1093 1643 1154 literis.

227 1195 285 1260 PM
383 1199 556 1277 territurio,
582 1195 706 1275 malbis‚
733 1194 824 1275 erba,
851 1215 918 1275 aru,
946 1203 1037 1275 siret,
1066 1195 1237 1275 aborrcbat,
1263 1198 1459 1277 pererrescit,
1485 1203 1556 1275 oste,
1584 1197 1691 1274 sicata,
1715 1213 1859 1276 panosus,

435 1307 562 1380 optento,
589 1298 718 1381 auferre
740 1316 798 1383 pro
820 1299 941 1380 offerre.

228 1401 257 1468 G
386 1403 596 1482 aelemosinae,
624 1402 810 1482 discendere,
837 1402 979 1484 dispecto,
1006 1401 1142 1482 cyborio,
1161 1402 1263 1484 cybus,
1282 1404 1382 1466 cultus
1401 1403 1480 1486 (acc.
1499 1402 1573 1487 pl),
1593 1403 1680 1484 lectu,
1699 1401 1859 1481 tonitbruo,

435 1505 537 1585 nichil,
566 1508 713 1586 succinta,
741 1509 925 1587 commertia,
952 1506 1076 1586 delitiis,
1100 1507 1233 1587 postitio,
1258 1509 1495 1589 aquamanile,
1522 1513 1726 1570 consumaret.

230 1609 255 1674 L
385 1610 526 1691 deficoto,
554 1609 698 1690 dispecto,
726 1609 913 1690 disperaret,
941 1609 1098 1691 libamine,
1121 1611 1312 1692 putredines,
1338 1609 1403 1674 abl.
1429 1613 1553 1690 nuncii,
1582 1611 1747 1691 accederit,
1776 1629 1861 1675 nom.

435 1715 606 1792 unanimes,
635 1709 701 1776 dat.
720 1715 856 1794 coniuqe,
882 1729 970 1795 pass.
990 1713 1152 1794 deportare
1171 1718 1204 1778 et
1218 1733 1383 1792 removere,
1410 1715 1602 1795 elymosinas,
1629 1714 1862 1798 quadriduano.

229 1817 257 1880 Τ
388 1816 524 1897 ennena,
552 1818 794 1897 amministrare,
821 1815 938 1898 illumit,
965 1825 1192 1899 summerqeret,
1217 1817 1263 1878 nil
1284 1835 1341 1901 pro
1363 1816 1441 1879 nibil
1462 1815 1540 1880 alia.

319 1951 394 2020 Vita
417 1951 629 2036 Radegundis
652 1951 735 2019 inter
756 1951 839 2018 Acta
861 1951 1049 2018 Sanctorum
1070 1960 1120 2020 ter
1142 1953 1232 2020 edita
1254 1960 1314 2020 est.

388 2077 513 2155 Surius,
539 2077 583 2136 De
602 2073 742 2157 probatis
765 2083 940 2137 sanctorum
962 2074 1108 2156 nistoriis,
1138 2077 1279 2138 Coloniae
1295 2077 1394 2156 1575,
1420 2074 1475 2158 IV,
1501 2095 1535 2158 p.
1553 2077 1627 2157 629,
1654 2075 1763 2142 codice
1786 2094 1867 2158 quo-

439 2177 515 2243 dam
538 2176 684 2243 eiusdem
706 2175 836 2260 generis
858 2196 897 2243 ac
919 2176 974 2241 LE
997 2195 1075 2242 usus
1099 2183 1164 2258 est,
1198 2196 1271 2244 cum
1291 2179 1397 2260 puella
1419 2179 1495 2241 data
1518 2179 1673 2243 laboribus
1695 2200 1772 2264 quae
1795 2199 1868 2242 can-

439 2285 566 2345 veniunt
593 2284 688 2344 senui
717 2283 797 2344 inter
826 2301 920 2364 opera
951 2281 1072 2364 reliqua
1097 2283 1131 2362 fit
1163 2301 1206 2342 em
1235 2281 1379 2344 barbaris
1408 2283 1533 2345 literato
1566 2281 1660 2365 (inira
1682 2304 1715 2368 p.
1741 2284 1794 2364 38,
1820 2285 1862 2364 22)

441 2382 615 2470 scripserit.
664 2383 815 2450 Ceterum
838 2402 866 2450 c.
893 2385 934 2446 22
957 2388 1030 2468 post
1052 2385 1269 2467 corpusculum
1295 2383 1389 2468 (inira
1410 2403 1442 2469 p.
1469 2389 1521 2466 44,
1548 2386 1592 2470 24)
1619 2385 1723 2452 locum
1747 2406 1765 2452 e
1787 2383 1869 2452 libro

440 2487 663 2554 Baudoniviae
686 2508 714 2554 u.
735 2489 754 2552 8
778 2486 982 2572 desumptum
1005 2485 1139 2553 adiecit:
1168 2491 1234 2551 Non
1258 2489 1344 2552 illam
1366 2491 1536 2572 aliquando
1558 2492 1656 2555 mellis
1675 2493 1783 2574 plu-mu
1803 2491 1870 2572 sul-

440 2596 512 2657 cioit
541 2612 636 2676 neque
667 2594 853 2657 linteaminis
881 2594 962 2654 nitor
993 2594 1157 2654 instruoeit.
1205 2594 1360 2656 danicam
1381 2612 1443 2675 qua
1466 2592 1624 2657 brachium
1647 2595 1787 2657 indueret
1808 2613 1870 2655 aon

443 2695 581 2776 babebat,
608 2698 672 2759 nisi
693 2696 772 2779 quod
795 2695 831 2758 de
854 2697 955 2779 caliqa
977 2715 1037 2758 sua
1059 2695 1120 2759 sibi
1141 2695 1221 2759 duas
1241 2695 1315 2778 fecit
1335 2698 1485 2777 manicas,
1510 2698 1564 2762 sed
1586 2701 1630 2761 ita
1652 2717 1684 2760 se
1706 2697 1867 2775 tractabat,

443 2809 478 2864 ut
499 2801 573 2863 baec
594 2819 649 2863 nec
672 2799 829 2863 abbatissa
851 2800 987 2862 sentiret.

390 2904 548 2985 Mabillon,
574 2901 651 2966 dcta
673 2912 850 2968 sanctorum
873 2904 991 2966 ordinis
1009 2905 1043 2966 S.
1061 2903 1226 2982 Benedicti,
1255 2906 1384 2967 Parisiis
1401 2906 1496 2986 1668,
1522 2902 1616 2969 Saso.
1633 2903 1660 2986 I,
1680 2905 1742 2967 319
1764 2901 1871 2970 Vitam

448 3005 508 3072 ‘ad
530 3005 610 3072 Mss.
629 3003 702 3072 cod.
720 3004 756 3070 S.
775 3003 929 3071 Germani
944 3003 1110 3071 Pratensis
1132 3011 1166 3071 et
1183 3003 1381 3072 Conehensis
1396 3004 1536 3072 Monast.
1554 3013 1587 3072 et
1600 3006 1642 3070 D.
1660 3004 1869 3072 d’Heronval’

442 3110 615 3178 recensuit.
664 3109 745 3176 Cum
768 3128 825 3194 pro
848 3118 1018 3172 recentarct
1040 3107 1206 3192 scripserit
1228 3119 1383 3173 recrearet
1410 3109 1466 3194 (sic
1489 3109 1542 3191 (3²,
1569 3109 1654 3176 infra
1676 3130 1708 3194 p.
1733 3111 1784 3189 39,
1809 3110 1867 3193 27),

445 3213 577 3281 dubium
598 3233 662 3279 non
682 3219 741 3295 est,
768 3211 846 3296 quin
862 3211 964 3278 codex
980 3210 1014 3277 S.
1033 3210 1188 3278 Germani
1203 3210 1291 3278 idem
1306 3212 1348 3278 sit
1362 3232 1402 3278 aa
1416 3212 1457 3278 G.
1497 3214 1670 3280 Praeterea
1685 3211 1829 3278 codicem
1843 3213 1872 3276 T

444 3317 584 3384 similem
613 3316 767 3384 habuisse
798 3314 945 3398 videtur,
979 3334 1051 3381 oum
1081 3319 1234 3380 retonans
1262 3318 1328 3401 (pro
1351 3318 1539 3399 relaccatias,
1565 3316 1650 3383 inira
1672 3337 1705 3401 p.
1730 3320 1782 3398 44,
1810 3317 1868 3400 22),

444 3441 574 3506 scopans
602 3422 669 3505 (pro
693 3440 854 3503 occupans,
880 3417 966 3484 infra
988 3440 1021 3504 p.
1039 3423 1091 3502 44,
1113 3422 1156 3503 29)
1182 3419 1320 3504 margini
1342 3418 1516 3487 addiderit.

394 3528 612 3608 bollandiani,
638 3522 715 3589 dcta
737 3532 930 3606 sanctorum,
963 3521 1151 3606 dritoerpioe
1175 3526 1271 3606 1757,
1303 3523 1388 3607 Aug.
1413 3523 1473 3605 III,
1500 3527 1553 3606 67,
1586 3521 1784 3609 apographis
1807 3522 1874 3587 Ga-

445 3628 562 3695 mansii
584 3648 603 3694 e
625 3627 698 3694 Soc.
723 3627 799 3693 Iesu
821 3632 855 3692 44
876 3625 963 3690 Petri
985 3624 1149 3692 Francisci
1172 3625 1328 3693 Chiffletii
1350 3626 1401 3692 nsi
1423 3633 1508 3693 sunt.
1555 3627 1615 3693 Ille
1637 3625 1869 3711 apographum,

449 3730 596 3816 ‘quod‘²⁸)
618 3751 690 3798 cum
706 3728 848 3796 editione
865 3729 1004 3797 Suriana
1018 3729 1160 3797 maxime
1176 3729 1333 3811 convenit,
1353 3729 1434 3796 etin
1449 3750 1512 3814 quo
1527 3730 1654 3796 ridetur
1668 3728 1874 3796 amanuensis

445 3835 579 3902 liberius
603 3834 723 3919 stylum
746 3835 915 3916 mutasse',
941 3832 1093 3919 aliudque
1119 3835 1179 3900 ‘ex
1194 3833 1377 3900 Passionali
1391 3833 1451 3899 bis.
1470 3852 1667 3919 pergameno
1688 3832 1875 3900 monasterii

446 3936 642 4005 Bodecensis
661 3937 695 4003 in
712 3937 854 4004 dioecesi
869 3937 1127 4004 Paderbornensi
1143 3936 1358 4022 desumptum,
1387 3937 1479 4003 cuius
1495 3939 1600 4023 stylus
1614 3938 1656 4004 ab
1671 3937 1745 4004 aliis
1761 3957 1875 4003 manu-

446 4042 573 4128 scriptis
592 4048 625 4108 44
645 4041 773 4109 excusis
789 4041 1030 4127 exemplaribus
1046 4041 1266 4126 discrepat'29)
1288 4062 1359 4108 cum
1375 4040 1599 4108 Bollandianis
1615 4039 1873 4108 communicarit.

448 4144 631 4214 Ghiffletius
654 4151 763 4212 autem
784 4145 892 4212 Vitam
915 4165 933 4211 e
955 4165 1053 4212 manu
1076 4145 1194 4231 scripto
1217 4143 1327 4212 codice
1343 4144 1446 4211 Vallis
1468 4145 1607 4213 lucentis
1630 4142 1875 4211 describendam

450 4257 633 4332 curaverat,
661 4249 716 4334 qui
743 4249 792 4315 ‘in
815 4249 1049 4316 constructione
1072 4248 1275 4334 periodorum
1298 4250 1340 4316 ab
1362 4248 1505 4316 editione
1525 4248 1758 4316 Mabilloniana
1781 4245 1877 4313 diffe-

447 4356 556 4438 rebat,
589 4359 699 4420 tamen
721 4352 958 4420 insubstantia
979 4353 1169 4438 plerumque
1192 4372 1264 4420 cum
1285 4353 1345 4420 illa
1366 4352 1596 4420 concordabat’
1627 4359 1660 4420 et
1680 4351 1715 4418 id
1737 4370 1877 4437 apogra-

448 4459 548 4543 phum
570 4457 793 4524 Bollandianis
819 4456 997 4524 transmisit
1019 4477 1091 4522 cum
1114 4456 1189 4524 aliis
1211 4456 1289 4522 Mss.
1321 4457 1366 4541 (ut
1387 4455 1586 4541 Divionensi)
1614 4455 1788 4540 diligenter
1809 4453 1876 4519 col-

448 4560 560 4627 latum.

397 4669 543 4750 ltouquet,
574 4667 693 4730 llecucil
715 4668 767 4729 des
790 4666 953 4729 historiens
977 4667 1030 4729 des
1054 4666 1179 4748 Goules,
1216 4667 1347 4728 Parisiis
1371 4667 1466 4742 1744,
1498 4663 1558 4746 ΠΙ,
1585 4667 1647 4728 456
1670 4662 1757 4728 locos
1780 4680 1877 4743 quos-

450 4768 524 4835 dam
547 4789 565 4835 4
587 4769 773 4836 Mabillonio
796 4768 966 4854 excerpsit.

399 4875 493 4938 Lucbi
513 4894 546 4958 p.
573 4875 612 4938 78
642 4873 691 4956 (=
716 4877 818 4957 bliqnc
841 4871 1054 4955 LXXXVIII,
1081 4892 1114 4958 p.
1135 4873 1208 4956 497)
1235 4871 1414 4938 Mabillonii
1437 4869 1609 4938 editionem
1633 4868 1798 4954 repetiuit,
1826 4867 1877 4934 eui

450 4984 542 5044 notas
565 4976 852 5042 Bollandiauorum
874 4975 1004 5043 adiecit.

333 5256 375 5319 28)
395 5256 556 5306 114114441ιηὶ
574 5255 591 5304 l.
607 5257 626 5306 1.
643 5271 671 5319 p.
686 5255 719 5304 48
737 5257 907 5319 apographum
925 5269 1077 5318 anonymum
1096 5261 1255 5306 vomuerunt.
1287 5256 1355 5303 Intra
1368 5271 1393 5318 p.
1408 5253 1451 5314 ll,
1468 5263 1498 5304 44
1517 5254 1604 5303 obtutts
1622 5267 1667 5317 pro
1685 5251 1768 5301 blattis
1781 5253 1823 5316 (ε
1836 5251 1875 5314 Pl)

245 5346 365 5408 scriptum
383 5349 445 5393 eret.

331 5429 373 5492 29)
395 5430 513 5490 Prologus
531 5443 606 5491 quem
625 5429 772 5490 speatmtnls
791 5442 866 5478 causa
883 5430 900 5477 1.
922 5432 941 5479 l.
962 5447 987 5494 p.
1009 5431 1042 5481 bb
1062 5431 1194 5478 ediderunt
1212 5435 1280 5478 tatas
1298 5428 1413 5476 diversus
1432 5433 1479 5475 ost.
