4432 6150
848 294 1048 354 cunurrvu
1068 296 1138 353 mn.
1160 269 1195 352 v.

512 479 513 482 ’
546 483 730 573 inponenda
752 487 832 555 loeis
855 487 924 555 sine
947 509 1004 574 spe
1027 488 1165 555 ficulnea
1185 487 1288 555 tristis

632 600 803 679 praeparat
824 593 867 660 ad
891 593 1026 660 fructum
1050 603 1188 660 stercore
1211 593 1298 658 culta
1319 592 1435 664 sinum.

462 715 493 754 aa
545 695 687 780 palmitis
708 717 772 762 uva
794 705 937 778 tumens,
964 697 1071 762 avium
1095 696 1268 763 laceranda
1290 697 1428 782 rapinis,

631 799 691 866 hoc
713 801 845 867 custode
867 802 950 867 bono
972 821 1035 866 uon
1057 801 1141 886 perit
1161 821 1226 866 una
1248 801 1332 866 lacu.

545 903 641 970 rebus
663 904 848 989 apostolicis
870 903 987 972 direxit
1009 904 1258 982 dulcorantes,

631 1028 710 1074 arva
732 1008 840 1091 ligone
862 1027 1013 1090 movens,
1040 1006 1123 1074 falce
1145 1007 1278 1092 flagella
1300 1027 1459 1092 premens.

546 1112 586 1175 ox
608 1130 688 1194 agro
711 1110 832 1178 domini
855 1112 1036 1177 labruscam
1060 1111 1182 1177 excidit
1202 1111 1338 1177 inertem

460 1233 492 1272 ⁴0
630 1222 727 1297 atque
749 1235 896 1282 racemus
918 1213 1096 1298 adestque
1118 1214 1180 1280 fuit
1196 1221 1275 1282 ¹ante
1298 1214 1414 1281 frutex.

545 1318 586 1383 dc
608 1318 733 1385 satione
757 1318 810 1385 dei
833 1319 965 1386 nezania
986 1318 1086 1385 vulsit
1107 1339 1236 1398 amara,

630 1423 733 1505 surgit
754 1429 787 1488 et
807 1422 953 1507 aequalis
971 1421 1151 1488 'laetificata
1173 1442 1278 1506 seges.

544 1525 680 1591 Martino
702 1533 830 1592 servata
851 1545 953 1608 novo,
979 1524 1136 1607 Gallicia,
1163 1525 1298 1610 plaude:

630 1629 724 1695 sortis
746 1629 941 1715 apostolicae
963 1630 1013 1696 vir
1034 1636 1109 1696 tuus
1131 1630 1193 1695 iste
1216 1630 1285 1696 fuit.

459 1753 491 1792 aa
544 1721 681 1816 pastoris
703 1733 808 1799 studio
831 1733 949 1799 circum
972 1755 1032 1800 sua
1054 1741 1168 1817 saepta
1189 1752 1373 1814 recurrens,

630 1856 671 1903 ne
693 1837 789 1922 lupus
810 1837 907 1904 intret
929 1857 1023 1920 oves,
1049 1845 1157 1904 servat
1179 1856 1287 1903 amore
1309 1856 1445 1920 gregem

544 1939 751 2025 subportante
773 1961 870 2006 manu
893 1941 993 2007 trabit
1014 1941 1084 2026 ipse
1106 1941 1150 2007 ad
1172 1942 1293 2025 pabula
1315 1939 1450 2020 Christi,

630 2043 789 2110 montibus
811 2044 994 2111 instabilem
1018 2065 1059 2110 ne
1082 2051 1172 2111 voret
1193 2065 1297 2122 error,
1323 2064 1426 2109 ovem.

545 2147 635 2213 cuins
658 2167 719 2213 vox
741 2145 879 2214 refluens
901 2147 989 2232 plebi
1013 2148 1053 2214 dc
1077 2146 1162 2213 fonte
1185 2147 1307 2212 salubri

462 2273 491 2311 aa
631 2259 666 2316 nt
687 2251 777 2317 bibat
797 2271 876 2316 aure
899 2251 1012 2333 fidem,
1039 2250 1171 2336 porrigit
1192 2270 1246 2316 orc
1269 2249 1382 2316 salem.

545 2355 630 2421 hosti
652 2355 772 2421 damna
793 2354 939 2438 quidem,
967 2355 1094 2421 domino
1116 2354 1172 2440 pia
1194 2362 1270 2420 vota
1290 2353 1416 2438 paravit

631 2466 664 2526 et
686 2459 857 2526 commissa
879 2459 941 2526 sibi
963 2458 1064 2544 dupla
1086 2458 1210 2525 talenta
1231 2457 1363 2539 refert,

544 2582 654 2628 vocem
677 2562 900 2646 euangelicam
923 2569 1098 2647 expectans
1120 2561 1286 2647 operarius
1308 2561 1432 2643 almus,

632 2673 667 2732 ut
688 2665 750 2732 sibi
772 2663 911 2732 dicatur:
955 2665 1100 2732 ‘serrula
1122 2685 1222 2750 perge
1244 2665 1346 2731 bone:

462 2791 492 2830 aa
545 2769 672 2852 quaudo
695 2768 801 2836 fidelis
823 2769 908 2835 enim
932 2769 1011 2834 milri
1035 2787 1133 2853 supra
1153 2788 1258 2853 pauca
1280 2767 1393 2850 luisti,

634 2891 733 2957 supra
754 2873 856 2937 multa
878 2871 974 2937 nimis
997 2871 1237 2938 eonsdtuendus
1260 2871 1333 2938 eris.

479 3033 480 3036 ,
545 2995 620 3040 ecce
643 2975 690 3040 tui
714 2975 833 3041 domini
857 2976 951 3041 modo
973 2975 1094 3058 gaudia
1116 2975 1230 3041 laetior
1250 2975 1335 3040 intra

631 3098 751 3163 proque
773 3079 884 3145 labore
907 3079 997 3143 brevi
1018 3097 1139 3162 magna
1162 3085 1277 3163 parata
1298 3077 1384 3143 tibi'.

544 3181 712 3247 auditurus
734 3181 798 3248 eris
819 3202 948 3265 vocem,
973 3182 1128 3264 Martius,
1154 3182 1302 3262 beatam,

462 3309 492 3348 oo
633 3285 691 3351 scd
714 3286 880 3351 Fortunati
902 3286 947 3350 sis
969 3305 1090 3351 memor
1111 3285 1181 3370 ipse
1204 3285 1262 3352 tui.

546 3409 668 3472 quaeso
690 3409 839 3474 precare,
865 3395 974 3473 pater,
1000 3388 1128 3454 videam
1150 3395 1208 3454 tua
1229 3388 1351 3472 gaudia
1372 3396 1495 3455 tecum:

472 3483 476 3494 '
634 3492 680 3559 sic
703 3494 833 3578 placeas
855 3492 925 3576 regi
946 3500 1037 3577 poste
1060 3499 1190 3578 patente
1213 3492 1308 3558 Petri.

546 3615 617 3662 cum
641 3596 840 3680 Radegnnde
862 3595 976 3661 humili
999 3596 1154 3681 supplex,
1180 3595 1252 3680 pie,
1279 3595 1419 3680 postulat
1440 3597 1568 3678 Agnes,

633 3708 668 3766 ut
689 3699 930 3766 commendatae
954 3699 1018 3766 sint
1038 3699 1116 3782 tibi,
1143 3707 1253 3764 sancte
1275 3705 1384 3784 pater:

462 3829 493 3868 ce
547 3811 579 3869 et
601 3811 763 3870 crescente
786 3803 882 3870 ebore
904 3823 962 3889 per
985 3800 1128 3868 carmina
1150 3809 1262 3868 sancta
1284 3821 1425 3868 sororum

631 3909 842 3992 conplaceant
863 3905 1009 3988 domino,
1035 3913 1067 3971 tc
1090 3906 1171 3972 duce
1193 3905 1289 3988 mite,
1315 3925 1388 3984 suo;

546 4019 642 4093 atque
663 4011 789 4077 adscita
810 4011 873 4077 sibi
895 4018 1040 4077 servetur
1060 4011 1102 4076 ab
1124 4010 1204 4075 urbe
1227 4009 1347 4076 Genesi

541 4141 546 4154 ·
631 4114 746 4197 regula
767 4113 912 4181 Caesarii
934 4114 1093 4200 praesulis
1115 4115 1203 4179 alma
1223 4113 1288 4198 pii,

545 4219 600 4304 qni
623 4218 684 4286 init
704 4218 839 4285 antistes
860 4219 976 4284 Arelas
999 4218 1040 4284 de
1063 4224 1147 4284 sorte
1170 4216 1296 4298 Lerini,

462 4345 492 4385 ro
631 4331 664 4389 et
685 4323 805 4388 mansit
826 4322 1001 4388 monachus
1022 4319 1205 4407 pontificale
1228 4319 1340 4385 decus.

282 4675 314 4723 33
332 4675 474 4736 inponenda
494 4669 596 4740 CMLR]
615 4671 767 4734 imponenda
785 4670 806 4717 o
911 4672 967 4719 alne
985 4683 1030 4732 spe
1048 4666 1168 4735 liculnea]
1186 4670 1241 4718 alne
1260 4670 1332 4729 fruge
1351 4669 1457 4717 ficulnea
1476 4669 1497 4718 0
1519 4672 1589 4729 icore.
1606 4687 1631 4722 e.
1645 4673 1686 4733 4.),
1707 4675 1762 4724 alne
1779 4691 1837 4739 pee-

212 4763 303 4809 culnea
324 4761 344 4808 i'
364 4763 427 4824 (aine
445 4761 553 4809 liculnea
576 4760 643 4820 Van.)
785 4757 819 4806 36
838 4759 906 4819 perit
923 4771 973 4805 nna
994 4753 1078 4823 CMD]
1105 4763 1176 4819 perat
1194 4769 1244 4805 una
1261 4755 1293 4813 li,
1313 4757 1426 4819 peritura
1444 4754 1537 4804 GVBL
1559 4759 1633 4820 (perit
1651 4773 1702 4808 uua
1720 4761 1802 4825 vaip.)

213 4847 267 4894 laen
285 4847 361 4895 dotia
468 4847 499 4896 37
519 4845 737 4908 apostholiciaCR
840 4845 934 4892 direxit
946 4845 1041 4891 uinitor
1053 4849 1124 4891 antes
1136 4858 1184 4893 orn.
1197 4841 1241 4902 0¹,
1261 4843 1355 4891 direxit
1366 4857 1416 4893 orn.
1432 4844 1526 4905 Vireb.
1542 4857 1582 4906 ap.
1597 4847 1665 4895 iuult
1676 4855 1836 4898 orantes...

217 4935 284 4995 Ven.)
426 4935 458 4984 33
477 4935 612 4983 labruscam
639 4929 762 4998 colarii]
790 4933 953 4980 lambruscam
980 4927 1111 4992 uranos,
1141 4931 1253 4978 lambrus
1279 4928 1339 4977 G'V
1371 4930 1485 4988 [lanrbrcs
1512 4929 1624 4978 excindit
1648 4933 1745 4980 inertes
1768 4932 1835 4998 l'en.)

211 5021 241 5069 tt
262 5016 316 5086 dei]
332 5022 425 5069 domlul
447 5022 509 5082 (diri)
532 5020 552 5066 0
689 5020 791 5067 zezaula
811 5014 938 5084 colovi]
956 5019 1055 5066 zeziula
1071 5023 1101 5066 ut
1118 5017 1168 5066 oid.
1189 5016 1228 5079 V¹,
1252 5018 1348 5064 zizania
1366 5015 1459 5064 GBLB
1597 5017 1640 5066 43.
1660 5018 1694 5067 44
1711 5031 1760 5069 orn.
1781 5019 1803 5068 R

211 5107 331 5156 dbtiebon
343 5111 406 5156 inm
416 5109 537 5168 corbeiae
549 5112 572 5155 et
583 5109 688 5167 portoria
700 5106 886 5166 descriptionem
898 5105 1047 5153 intercedens
1058 5119 1109 5153 non
1120 5104 1218 5152 viduus·
1229 5103 1260 5152 ab
1272 5105 1446 5164 interpolatore
1458 5105 1586 5164 repetitum
1598 5116 1648 5151 erae
1667 5102 1711 5165 (es.
1731 5107 1772 5153 1⁷.
1793 5107 1834 5156 181

211 5193 244 5242 43
262 5195 358 5254 gallitia
370 5193 399 5242 Μ
499 5193 533 5243 44
551 5193 716 5255 apostholleae
733 5192 752 5239 C
848 5192 880 5240 ti
900 5193 1062 5254 subportante
1078 5187 1177 5256 OPGR]
1196 5196 1358 5253 supportante
1373 5188 1401 5236 Μ
1414 5190 1435 5250 (a
1448 5191 1465 5239 i.
1478 5203 1528 5239 raa.
1545 5193 1556 5236 l
1571 5190 1616 5252 na.)
1633 5190 1654 5238 L
1752 5191 1786 5240 48
1805 5205 1837 5240 ne

211 5276 293 5346 noret]
310 5280 414 5328 deuoret
430 5279 466 5325 pr
484 5293 546 5328 cora.
568 5280 601 5326 D¹
729 5277 762 5327 52
781 5280 884 5326 aomina
903 5279 924 5325 0
1038 5277 1070 5326 53
1089 5274 1274 5344 euangelicam]
1293 5292 1325 5324 ua
1342 5279 1359 5325 i.
1380 5291 1431 5325 rna.
1454 5280 1464 5323 l
1485 5291 1519 5324 na
1540 5274 1570 5334 P,
1590 5277 1780 5336 euuangelieam
1801 5275 1834 5338 ri,

210 5367 440 5424 euuangelleamli
542 5372 677 5428 expectans
697 5362 1085 5432 consumpseramus
1190 5362 1384 5426 essuperet
1487 5361 1519 5412 ct
1537 5361 1571 5409 nd
1588 5362 1662 5424 tinem
1679 5377 1727 5413 orn.
1748 5363 1778 5423 Ρ,
1798 5377 1838 5410 ae-

211 5455 293 5513 quitas
313 5453 341 5511 Χ,
363 5455 387 5512 i,
409 5455 490 5514 abac.
624 5459 695 5513 posta
718 5450 753 5496 ΜΙ
888 5449 1001 5518 patente]
1020 5458 1094 5514 parite
1114 5449 1180 5509 Gll',
1206 5457 1329 5513 pantente
1349 5446 1383 5498 6²
1402 5449 1467 5511 (pose
1485 5454 1650 5511 praeparante
1669 5449 1741 5498 Petro
1765 5450 1832 5511 Vm.)

211 5539 245 5587 te
263 5553 342 5598 quea
363 5537 398 5585 Ml
503 5537 537 5586 ct
555 5535 595 5604 ut]
613 5545 639 5585 et
657 5540 682 5584 l)
786 5543 846 5586 snrrt
858 5538 915 5585 3¹13
1018 5540 1051 5587 bb
1070 5539 1191 5587 criaeeute
1207 5536 1234 5595 C,
1255 5543 1402 5585 erensceute
1416 5535 1451 5582 bt¹
1469 5537 1538 5598 (corr.
1556 5534 1618 5596 issi]
1725 5537 1758 5586 cc
1776 5551 1837 5584 con·

212 5626 326 5685 placeant
346 5623 426 5689 PMR]
445 5626 614 5686 complaceant
632 5623 654 5670 G
760 5627 832 5671 mitte
854 5624 911 5672 Cili
1017 5623 1049 5672 89
1069 5625 1175 5672 antistes
1194 5620 1275 5689 GBL]
1293 5625 1394 5671 arrtistis
1415 5623 1447 5682 D,
1469 5623 1575 5671 antonia
1597 5619 1694 5669 PMRV

289 5723 417 5766 staarrrs
432 5724 579 5766 Foxrrxarva
1598 5724 1628 5772 14
