4456 6202
373 317 413 380 24
981 309 1152 368 VENAN'I'I
1169 309 1391 368 FORTVNATI

372 504 456 570 cium
479 511 604 570 meatus
625 503 779 570 relaxatis
801 503 989 586 visceribus,
1016 501 1129 587 spiritu
1151 501 1384 568 intercurrente
1407 501 1578 584 reducitur,
1606 502 1761 586 paulatim
1785 501 2005 568 convelisccns

371 607 439 673 vita
467 607 507 674 de
535 615 635 673 morte
659 608 837 674 revertitur.
888 609 971 689 (162)
999 606 1125 672 Dehinc
1147 603 1241 690 quasi
1264 605 1306 672 de
1329 625 1441 690 sopore
1464 606 1713 690 expergefactus
1735 605 1926 690 interrogat,
1960 605 2004 671 ad

371 716 470 793 caput
492 709 561 776 eius
583 710 656 795 quis
679 710 759 777 16111
795 709 922 776 Adesse
944 710 1094 776 domnum
1119 709 1315 775 Germanum
1339 729 1360 774 a
1383 709 1660 776 circumstantibus
1682 709 1812 776 dicitur.
1858 711 2006 776 Postulat

369 834 500 879 manum
530 815 634 881 sancti
663 815 724 881 sibi
753 814 925 898 dignanter
952 813 1090 898 porrigi,
1123 813 1169 878 ita
1190 812 1349 898 incipiens
1372 813 1510 910 alloqui:
1543 813 1684 896 Domne,
1716 821 1751 880 tn
1773 835 1824 880 me
1848 815 2006 881 revocasti

370 917 467 1002 longo
496 923 624 984 euntem
652 918 779 983 itinere.
826 917 1003 1001 Statimque
1033 917 1149 982 obtulit
1179 917 1343 982 sacculum
1370 917 1501 1001 plenum
1525 917 1663 1001 pecunia
1685 924 1717 982 et
1739 919 1882 984 balteum
1904 919 2005 1003 ampli
2028 940 2041 978 a

371 1021 532 1106 ponderis,
558 1041 638 1105 quos
661 1021 858 1107 pauperibus
881 1027 1030 1103 erogaret
1051 1019 1233 1086 mercedem
1256 1018 1343 1086 vitae
1367 1020 1419 1085 vel
1441 1020 1577 1104 gratiae.

276 1123 352 1188 LXI
463 1126 548 1209 (163)
582 1126 724 1208 Pergens
752 1124 1010 1208 Augustudunum
1042 1125 1091 1190 vir
1121 1130 1251 1189 sanctus
1281 1124 1458 1208 Rotagiaco
1486 1124 1562 1189 dum
1593 1124 1757 1209 pervenit,
1789 1127 1936 1211 conperit
1963 1127 2006 1192 ab

370 1227 504 1294 Abbone
526 1227 682 1312 quosdam
704 1235 845 1294 retrusos
869 1227 903 1294 in
926 1247 1065 1295 carcere.
1106 1228 1209 1311 Igitur
1232 1246 1288 1313 pro
1311 1227 1519 1294 absolvendis
1543 1229 1681 1313 supplex
1698 1229 1824 1295 tribuno
1839 1236 2002 1313 suggeret,

371 1332 429 1397 sed
458 1332 515 1398 1116
544 1332 643 1398 durus
665 1352 729 1398 non
750 1331 872 1398 annuit.
921 1331 1004 1396 Hinc
1026 1330 1097 1415 ipse
1119 1337 1214 1396 cauto
1237 1330 1372 1396 consilio
1395 1330 1471 1396 dum
1495 1331 1572 1397 dicit
1595 1351 1630 1398 se
1653 1353 1800 1418 eampum
1824 1333 2001 1414 6166666166,

371 1435 469 1501 currit
497 1435 632 1502 devotus
661 1435 704 1501 ad
730 1453 899 1502 carcerem.
953 1437 1036 1519 (161)
1063 1435 1178 1518 116666
1200 1434 1244 1500 ad
1266 1434 1465 1500 exorandum
1487 1435 1673 1518 provolutus
1696 1436 1863 1517 sternitur,
1894 1435 2005 1520 ibique
2029 1455 2059 1495 ro

370 1545 513 1624 tempore
535 1547 688 1606 nocturno
711 1545 846 1606 6616666
869 1538 1035 1604 discussae
1058 1545 1141 1619 sunt,
1168 1538 1296 1604 validus
1312 1537 1462 1604 tormenti
1477 1537 1564 1621 rigor
1579 1539 1621 1604 ad
1635 1539 1817 1625 fragmenta
1832 1539 2000 1625 redigitur.

371 1643 451 1708 Sera
481 1643 590 1727 gravis
620 1644 780 1725 inliditur,
813 1643 914 1727 postis
945 1641 1075 1708 cardine
1103 1642 1249 1722 vellitur,
1284 1642 1395 1708 feralis
1426 1661 1535 1708 carcer
1562 1643 1752 1726 recluditur,
1789 1642 1932 1709 damnati
1961 1644 2005 1709 ad

370 1746 486 1812 vitales
509 1765 605 1812 auras
627 1746 722 1830 quasi
745 1745 881 1812 redeunt
903 1746 944 1811 de
967 1747 1150 1831 sepulchro.
1204 1749 1284 1828 (165)
1312 1747 1363 1811 116
1386 1745 1421 1810 lit
1443 1752 1478 1811 ut
1500 1746 1530 1812 61
1547 1747 1722 1831 Rotagiaco
1745 1747 1900 1812 matutino
1922 1753 2006 1813 tem-

371 1869 447 1934 pore
476 1850 615 1935 ingressi
642 1857 843 1917 occurrerent
871 1857 904 1917 61
932 1850 988 1933 661
1016 1857 1127 1916 666616
1150 1869 1213 1914 666
1236 1849 1395 1933 6666611111
1416 1870 1474 1934 666
1497 1850 1653 1916 absolutis
1676 1850 1739 1916 reis
1762 1851 1910 1918 tribunus
1931 1870 2007 1918 reus

371 1954 505 2020 effectus
529 1960 588 2020 est.
725 1957 726 1961 ’
2029 1974 2058 2014 rc

258 2055 349 2121 LXII
463 2060 546 2143 (166)
573 2057 675 2142 Igitur
702 2064 886 2124 cunctorum
913 2057 1011 2123 saluti
1042 2077 1170 2140 semper
1197 2056 1322 2122 instans
1351 2055 1508 2122 sollicitus
1538 2076 1609 2122 cum
1632 2056 1791 2122 Bituricas
1814 2057 2008 2123 accessisset

370 2181 428 2246 pro
450 2161 649 2228 ordinatione
672 2161 790 2227 Felicis
814 2161 976 2246 episcopi,
1002 2161 1211 2245 praedicante
1235 2160 1401 2226 sacerdote
1424 2160 1590 2244 Sigericus
1612 2160 1743 2244 quidam
1766 2160 1908 2227 Iudaeus
1931 2161 2008 2227 fidei

371 2273 571 2332 sacramento
593 2272 744 2352 percepto
767 2284 940 2331 conversus
963 2271 1022 2346 est,
1049 2264 1174 2330 habens
1197 2264 1232 2330 in
1254 2264 1419 2330 ludaismo
1434 2265 1649 2329 Mammonam
1672 2264 1800 2330 uomina
1822 2264 2005 2349 coniugem.

376 2371 459 2452 (167)
487 2370 577 2448 Quae
601 2390 673 2435 cum
697 2369 737 2434 de
761 2369 967 2435 conversione
990 2388 1050 2434 nec
1071 2367 1266 2434 mentionem
1289 2368 1447 2453 reciperet
1469 2375 1502 2435 et
1523 2389 1581 2454 per
1603 2369 1719 2434 missos
1739 2369 1827 2435 beati
1842 2366 2008 2434 admonita

371 2473 544 2557 refugeret,
574 2474 660 2540 16616
683 2474 724 2539 61
747 2493 786 2539 66
808 2472 921 2556 vigilia
944 2472 1053 2538 doctor
1074 2473 1145 2558 ipse
1168 2472 1330 2558 profectus
1352 2479 1413 2537 est.
1460 2472 1551 2550 Quae
1574 2492 1645 2537 curn
1667 2473 1798 2538 beatum
1820 2471 1924 2536 virum
1947 2492 2009 2538 nec
2028 2492 2060 2534 ao

372 2576 443 2642 visu
466 2577 567 2644 vellet
587 2577 764 2659 intendere,
796 2583 925 2643 cantato
948 2596 1043 2643 66666
1066 2577 1180 2642 tertiae
1203 2597 1333 2643 manum
1357 2595 1449 2643 suam
1472 2575 1616 2661 pontifex
1639 2576 1680 2642 ad
1703 2575 1846 2642 mulieris
1870 2575 2007 2642 frontem

371 2677 542 2762 dignanter
569 2681 712 2747 admovit
738 2680 869 2766 pietatis
900 2701 941 2746 ex
964 2700 1071 2766 opere.
1123 2681 1205 2765 (168)
1235 2680 1350 2746 Statim
1373 2701 1393 2746 a
1415 2679 1695 2746 circumstantibus
1719 2680 1759 2746 da
1782 2679 1926 2745 mulieris
1947 2700 2009 2746 na-

371 2783 460 2850 ribus
490 2784 685 2851 scintillante
710 2784 785 2869 igne
807 2784 915 2850 fumus
939 2784 1051 2868 egredi
1073 2784 1164 2850 visus
1187 2792 1254 2865 est,
1289 2792 1323 2850 ut
1346 2784 1469 2850 cunctis
1492 2784 1672 2850 clarefieret
1694 2783 1794 2850 eiecto
1817 2783 2008 2849 insidiatore

372 2887 539 2954 mulierem
569 2907 671 2972 usque
699 2895 775 2956 tunc
803 2888 895 2952 illum
918 2887 1016 2953 saluti
1038 2906 1117 2953 6666
1139 2907 1337 2972 repugnasse
1361 2906 1419 2972 per
1442 2886 1598 2953 obsidem.
1652 2890 1732 2970 (169)
1759 2889 1840 2953 Tum
1865 2887 2010 2953 exhone-

372 2998 442 3057 rata
470 2991 592 3058 inimici
620 2991 710 3059 16666
733 2992 897 3076 respirans
920 2991 1069 3058 confessa
1091 2998 1142 3056 est
1162 3011 1337 3075 numquam
1359 3010 1395 3056 66
1418 2991 1508 3075 66166
1531 2990 1647 3056 faciem
1670 2991 1756 3057 beati
1780 2990 1840 3056 viri
1863 2991 2007 3074 potuisse
2030 3011 2062 3053 aa

372 3095 567 3180 conspicere.
614 3095 686 3173 Qua
714 3102 843 3180 petente
873 3115 913 3160 ac
941 3101 1094 3180 precante
1124 3094 1209 3160 611161
1232 3094 1417 3160 Christiana
1445 3094 1479 3159 16
1508 3095 1638 3180 6666616
1661 3093 1754 3160 domo
1777 3095 1953 3179 promeruit
1977 3101 2010 3160 et

372 3199 467 3281 quasi
491 3199 594 3284 666116
618 3199 745 3265 subdito
769 3199 918 3291 exemplo
941 3198 1011 3264 eius
1034 3198 1127 3263 multi
1149 3198 1344 3264 Iudaeorum
1367 3198 1513 3264 conversi
1535 3204 1620 3264 sunt.

240 3300 350 3366 LXIII
465 3305 547 3386 (170)
575 3303 676 3370 Decet
704 3304 756 3370 hic
784 3302 867 3369 illud
895 3302 1008 3384 inseri,
1042 3302 1181 3384 qualiter
1209 3301 1416 3386 peregrinula
1438 3301 1480 3366 sit
1501 3307 1651 3368 revocata
1672 3301 1729 3366 lux
1751 3301 1845 3366 oculi.
1892 3300 2009 3384 Itaque

372 3425 511 3490 pergens
534 3407 761 3490 Augustiduno
784 3428 842 3492 pro
864 3405 1063 3472 ordinatione
1086 3406 1216 3491 Syagrii
1240 3405 1393 3492 episcopi,
1420 3405 1483 3471 huc
1504 3405 1588 3473 16166
1610 3405 1748 3488 66116666
1770 3405 1858 3471 61666
1872 3405 2009 3470 Floren-

372 3509 460 3576 tinus
482 3510 618 3577 inluster
639 3532 697 3596 pro
720 3529 879 3578 consensu
902 3509 1023 3575 dilatus
1046 3516 1096 3576 cst
1116 3510 1241 3588 habens
1262 3529 1401 3575 naevum
1423 3509 1458 3574 in
1481 3510 1592 3592 oculo,
1619 3508 1823 3594 speciositate
1846 3508 2009 3591 derogans
2031 3531 2062 3572 uo

373 3614 626 3698 aliquantulum,
658 3635 699 3681 66
727 3614 847 3680 florens
874 3614 1045 3680 haberetur
1072 3613 1106 3678 in
1132 3615 1235 3679 vultu.
1287 3614 1370 3696 (171)
1398 3613 1527 3680 1616666
1550 3611 1626 3678 dum
1649 3613 1764 3678 landes
1785 3611 2011 3677 adclamantur

373 3718 542 3803 episcopo,
578 3740 600 3784 a
629 3720 769 3803 quodam
799 3719 966 3802 ignorante
995 3739 1036 3784 cx
1058 3717 1221 3802 inproviso
1244 3717 1420 3802 percutitur
1442 3717 1553 3784 eodem
1577 3717 1610 3782 in
1633 3717 1725 3782 oculo
1748 3717 1944 3798 evulsusque
1968 3716 2010 3782 de

371 3821 441 3887 loco
471 3823 578 3908 coepit
606 3842 704 3908 sopra
726 3823 891 3888 maxillam
914 3822 1010 3889 dubio
1032 3821 1174 3908 pendere
1198 3842 1269 3887 cum
1292 3822 1375 3888 visu.
1423 3821 1486 3898 Qui
1509 3839 1603 3886 cursu
1626 3840 1839 3905 praepropero
1862 3819 1906 3885 ad
1928 3819 2011 3886 bea-

372 3933 439 3992 tum
463 3927 659 3994 Germanum
682 3948 753 3994 curn
777 3929 917 3994 clamore
940 3926 1144 4012 prosequitur
1165 3927 1268 3990 multa
1290 3925 1523 4010 concrepitans,
1553 3931 1588 3989 ut
1610 3924 1698 4006 loqui
1722 3924 1804 3988 solet
1825 3922 2008 3990 calamitas.

377 4031 461 4115 (171)
489 4033 581 4097 Τ666
610 4031 713 4097 sancti
737 4030 892 4097 Germani
918 4050 1016 4097 manu
1045 4030 1156 4094 lumen
1183 4029 1217 4094 in
1248 4029 1316 4094 loco
1340 4028 1503 4094 reducitur
1525 4033 1558 4092 et
1579 4027 1621 4091 ab
1645 4047 1682 4093 eo
1705 4026 1747 4092 ad
1768 4027 1898 4094 beatum
1922 4025 2010 4111 Syn·
2031 4050 2063 4090 aa

372 4134 562 4219 phorianum
591 4134 749 4218 dirigitur.
797 4134 859 4213 Qui
882 4155 938 4220 pro
960 4134 1032 4219 ipso
1054 4131 1178 4198 tamdiu
1201 4131 1322 4215 vigiliis
1345 4131 1478 4211 institit,
1513 4130 1615 4196 donec
1637 4131 1774 4196 emissus
1797 4131 1909 4196 oculus
1931 4151 2012 4216 pur-

371 4244 449 4320 gata
471 4239 607 4324 pristina
628 4239 773 4320 macula,
799 4238 909 4304 addito
931 4238 1089 4303 beneficio
1112 4236 1274 4321 integrior
1296 4236 1440 4302 redditur
1462 4241 1496 4300 et
1516 4235 1632 4299 melius
1654 4234 1760 4300 reddit
1782 4241 1854 4320 post
1874 4235 2013 4300 vulnera

371 4362 467 4424 quam
497 4344 583 4426 quod
613 4349 708 4409 natus
731 4343 837 4408 166661
858 4361 917 4426 666
937 4347 1095 4408 naturam.
1148 4342 1199 4424 (17
1205 4343 1233 4423 3)
1264 4338 1552 4419 6661666666
1575 4338 1727 4422 deinceps
1749 4337 1936 4404 Matascone
1958 4358 2013 4404 or-

282 4477 284 4482 ·
372 4445 500 4512 dinatus
524 4452 573 4513 661
596 4447 779 4532 661666666.

247 4545 353 4611 LXIV
466 4553 547 4636 (174)
575 4550 703 4628 Quanta
731 4570 808 4616 vero
836 4548 934 4615 166611
958 4547 1060 4615 616166
1084 4547 1154 4614 6166
1177 4547 1355 4633 signaculi,
1388 4543 2063 4627 61661161666611666666161616611-66

375 4653 473 4720 monii
495 4673 579 4737 quae
601 4652 788 4738 producitur
808 4654 842 4718 16
866 4652 1024 4737 sequenti.
1072 4653 1153 4717 Cum
1176 4653 1216 4718 de
1239 4651 1377 4717 basilica
1400 4651 1502 4716 sancti
1525 4649 1654 4716 Martini
1676 4648 1720 4714 ad
1742 4648 1852 4712 villam
1876 4653 2011 4714 sanctae

375 4759 533 4824 ecclesiae
556 4757 726 4824 Severiaeo
749 4763 939 4840 recurreret,
967 4756 1116 4841 adiungit
1137 4757 1170 4822 16
1193 4755 1307 4821 1116666
1330 4754 1490 4839 quendam
1512 4753 1698 4821 Amantium
1720 4751 1883 4832 iuvenem,
1911 4770 2010 4832 quem

375 4861 590 4948 deprehendit
611 4860 778 4927 aludaeis
799 4859 873 4926 duci
895 4880 1013 4926 nexum
1035 4860 1069 4926 in
1093 4859 1217 4926 1666616.
1270 4861 1353 4942 (175)
1380 4857 1566 4942 Requiritur
1586 4855 1664 4939 quid
1686 4854 1808 4921 fecerit.
1849 4855 1935 4918 Puer
1957 4874 2012 4919 re-

374 4965 503 5051 spondit
529 4963 687 5030 veraciter
715 4964 755 5030 ob
786 4964 846 5030 hoc
875 4964 950 5030 duci
978 4964 1014 5029 16
1044 4962 1195 5046 61666116,
1231 4962 1307 5046 6616
1335 4981 1370 5028 66
1398 4966 1562 5027 recusaret
1583 4959 1711 5043 legibus
1734 4957 1827 5023 subdi
1850 4955 2008 5022 16661616.

461 5207 520 5277 36]
538 5213 569 5260 ad
587 5211 610 5258 P
721 5207 1042 5258 5666111611166661Ρ
1153 5205 1418 5268 'lagustndunumP
1522 5200 1684 5270 Ssuggeret]
1703 5203 1726 5249 P
1827 5202 1975 5264 ltcaptoG

374 5295 414 5366 se]
430 5299 489 5348 cdd.
511 5295 544 5346 I'²
658 5297 689 5346 16
707 5311 786 5345 curem
806 5295 838 5342 Pl
954 5294 985 5344 12
1005 5293 1114 5342 serraP
1215 5283 1289 5356 66166
1305 5294 1337 5341 Ρ1
1455 5290 1635 5342 1666161160
1739 5288 1912 5350 6666616661),
1933 5289 2013 5347 bytu-

374 5383 478 5434 rlcasG
595 5383 731 5435 2661666]
750 5382 781 5430 1²¹
898 5376 1715 5448 21616166616666616666616]6166716616616616666610
1818 5374 1851 5425 26
1870 5375 2012 5424 christiana

374 5469 414 5539 ln]
433 5471 496 5533 1²¹0,
517 5485 575 5521 curn
592 5471 651 5519 odd.
672 5467 706 5518 1²²
827 5467 1100 5530 aspernamenta?
1219 5469 1328 5517 reuocati
1348 5465 1380 5515 1²¹
1503 5465 1536 5514 29
1554 5465 1714 5526 agustoduno
1732 5462 1764 5524 P,
1784 5461 1968 5523 agustIdunum
1989 5462 2011 5510 G

374 5554 684 5624 anapaesticasque
799 5554 831 5604 31
851 5555 990 5617 aculeoque
1008 5555 1031 5602 P
1138 5553 1172 5602 34
1191 5551 1284 5620 multa]
1303 5568 1329 5602 se
1348 5553 1407 5602 add.
1429 5553 1452 5600 P
1553 5550 1585 5599 36
1604 5553 1726 5599 aemissns
1745 5547 1792 5596 PG
1898 5547 1931 5598 31
1953 5549 2013 5598 red-

375 5643 424 5712 dit]
442 5646 488 5693 Po
594 5645 626 5694 38
646 5642 832 5692 matascone?
935 5637 1027 5708 4116]
1046 5656 1094 5690 om.
1119 5640 1141 5688 0
