4506 6248
840 1551 1004 1652 uranu
1042 1551 1229 1651 nouus

1026 1819 1042 1883 I

397 1955 455 2029 Ad
483 1953 727 2054 Ohilperioum
755 1982 878 2054 regem
906 1909 1048 2055 quando
1074 1956 1235 2058 synodus
1263 1959 1442 2035 Brinnaoo
1468 1959 1592 2034 habita
1617 1967 1674 2034 est

556 2145 642 2212 Ordo
664 2145 866 2212 sacerdotum
889 2146 1138 2231 venerandaque
1161 2147 1302 2212 eulmina
1324 2147 1461 2230 Christi,

641 2269 723 2334 quos
746 2249 837 2316 dedit
858 2251 946 2316 alma
968 2249 1049 2316 fides
1071 2249 1229 2335 religione
1252 2256 1380 2336 patres,

557 2353 707 2436 parvolus
730 2359 805 2438 opto
828 2353 915 2435 loqui
937 2353 1024 2438 regis
1046 2353 1219 2438 praeeonin
1240 2354 1335 2420 celsi:

643 2456 791 2522 sublevet
813 2455 922 2540 exigui
944 2456 1088 2524 earmina
1110 2462 1218 2523 vester
1238 2478 1336 2524 emor.

490 2685 502 2720 ⁵
557 2662 671 2729 inclite
694 2684 751 2730 rex
773 2663 872 2728 armis
894 2669 927 2729 et
949 2663 1079 2748 regibus
1101 2663 1186 2730 edite
1209 2663 1323 2745 celsis,

642 2767 766 2851 primus
787 2768 828 2833 ab
852 2767 992 2851 antiquis
1014 2767 1155 2833 eulmina
1176 2767 1279 2853 prima
1301 2789 1436 2852 regens,

558 2878 661 2936 rector
681 2871 806 2938 habens
828 2871 991 2937 naseendo
1014 2870 1130 2954 deous,
1157 2871 1353 2938 moderando
1376 2872 1434 2938 sed
1457 2890 1600 2954 augens,
1690 2861 1691 2864 ¹

643 2973 815 3041 deradice
838 2975 940 3060 patris
962 2973 1021 3040 flos
1044 2982 1198 3058 generate
1220 2981 1352 3060 potens,

556 3078 685 3161 aequali
708 3078 791 3144 serie
807 3079 871 3144 'vos
894 3077 1094 3145 nobilitando
1116 3077 1260 3145 vieissirn

473 3202 502 3242 ro
642 3188 676 3246 tu
698 3200 802 3265 genus
824 3181 963 3264 ornasti,
988 3188 1021 3247 te
1044 3201 1147 3264 genus
1169 3189 1261 3247 ornat
1282 3181 1349 3247 avi.

556 3285 712 3370 excepisti
735 3284 852 3351 etenim
876 3284 1035 3368 fulgorem
1057 3286 1100 3351 ab
1122 3283 1246 3368 origine
1268 3285 1391 3369 gentis,

642 3388 701 3455 sed
723 3409 782 3474 per
803 3395 835 3455 te
858 3388 987 3474 proavis
1009 3388 1163 3473 splendor
1184 3388 1303 3454 honore
1325 3388 1419 3454 redit.

556 3500 588 3559 te
613 3499 765 3558 nascente
788 3493 872 3578 patri
887 3492 950 3557 'lux
973 3494 1077 3558 altera
1098 3492 1242 3557 nascitur
1263 3493 1348 3574 orbi,

644 3595 780 3661 nominis
803 3600 836 3660 et
858 3595 966 3661 radios
989 3592 1119 3680 spargis
1141 3594 1261 3679 ubique
1282 3614 1400 3678 novos,

473 3720 502 3758 rs
555 3719 650 3783 quem
672 3698 816 3784 praefert
838 3698 968 3779 Oriens,
994 3697 1131 3781 Libyes,
1158 3698 1302 3764 Oeoasus
1325 3704 1358 3764 et
1379 3699 1511 3766 Aratus:

642 3822 705 3886 qno
727 3800 811 3886 pede
833 3822 897 3868 non
919 3800 1084 3886 graderis,
1110 3808 1204 3867 notus
1226 3801 1345 3867 honore
1368 3801 1472 3869 venis.

556 3905 714 3989 quidquid
736 3905 835 3972 habet
856 3903 994 3971 mundus
1016 3904 1197 3990 peragrasti
1219 3904 1365 3988 nornine,
1391 3905 1559 3992 prineeps,

643 4009 743 4074 eurris
766 4016 799 4075 et
819 4008 903 4074 illud
925 4007 988 4074 iter
1009 4007 1095 4092 quod
1117 4014 1187 4073 rota
1209 4007 1288 4073 solis
1309 4007 1396 4092 agit,

557 4112 684 4198 cognite
706 4112 770 4178 iarn
793 4118 891 4197 ponto
913 4118 947 4178 et
967 4111 1063 4178 rubro
1085 4110 1266 4196 pelagoque
1289 4113 1349 4178 sub
1371 4112 1468 4196 Indo,

472 4235 503 4277 ro
642 4215 758 4282 transit
780 4221 813 4281 et
834 4215 1000 4282 Oeeanum
1022 4214 1150 4299 fulgida
1172 4215 1260 4281 lama
1283 4215 1396 4301 sopho.

559 4340 674 4386 nomen
697 4326 733 4385 ut
753 4319 814 4385 hoe
835 4325 964 4386 resonet
985 4339 1049 4385 non
1070 4318 1207 4404 impedit
1228 4339 1309 4384 anre
1331 4338 1391 4385 nee
1413 4319 1514 4385 unda:

645 4423 692 4488 sie
713 4423 772 4490 tibi
795 4430 910 4489 ennete
932 4422 1046 4505 simul,
1071 4429 1158 4488 terra
1179 4422 1231 4488 vel
1253 4428 1359 4502 astra,
1385 4422 1505 4489 favent.

558 4547 615 4594 rex
637 4527 780 4593 bonitate
802 4526 953 4612 placens,
980 4525 1079 4592 deous
1101 4525 1204 4592 altum
1227 4531 1261 4591 et
1281 4524 1390 4592 nobile
1412 4545 1561 4610 germen,

643 4630 677 4696 in
699 4650 762 4714 quo
784 4635 831 4695 tot
852 4649 1018 4715 proeeram
1041 4628 1182 4695 eulmina
1203 4629 1331 4695 eulmen
1353 4628 1488 4711 habent,

224 4807 285 4813 --·-
305 4808 352 4812 -—
363 4808 632 4815 -μ-α--ῌ

290 4909 301 4956 1
319 4915 385 4958 catut
403 4911 430 4958 ln
448 4909 471 4958 P
486 4909 508 4970 s.
527 4907 575 4958 δι’
590 4913 649 4971 post
668 4909 698 4969 X,
719 4911 761 4971 17,
781 4910 815 4958 34
937 4919 1116 4956 enarraretur
1136 4903 1270 4975 CMDLR]
1289 4921 1457 4958 nrnrnnruvrs
1473 4908 1529 4969 ΑΒ,
1549 4920 1708 4956 cunamen
1727 4910 1756 4968 Ρ,
1776 4921 1853 4957 canr-

223 5007 339 5042 rrrarcvrr
357 4995 386 5058 P,
407 4997 627 5044 onrnnrarorao
707 5009 731 5056 q.
751 5019 787 5032 --
804 4990 853 5061 ost]
874 5007 903 5042 ru
921 5007 1060 5042 eonvnnrv
1078 5007 1261 5042 annuorum
1280 4996 1303 5042 F
1379 5007 1490 5042 sruonvs
1509 4994 1578 5043 Anu
1647 5007 1803 5042 nurnuaeno
1823 4995 1850 5058 Ρ,

220 5080 378 5128 unruaeoB
485 5081 495 5130 l
516 5082 626 5132 onlmlne
645 5080 728 5129 ΑΟΜΙ
833 5080 848 5130 2
869 5081 989 5142 religione
1009 5076 1137 5147 Anum]
1162 5081 1289 5142 relegione
1308 5079 1410 5142 Protin,
1431 5081 1561 5141 relligione
1580 5080 1610 5143 L,
1631 5081 1766 5141 rslleglone
1784 5079 1819 5128 13²

220 5168 339 5230 petriad
444 5169 598 5232 sparsurus
616 5163 736 5235 norm]
753 5168 876 5230 paruulus
893 5165 962 5214 GBL
1066 5169 1198 5230 praecanit
1216 5167 1242 5214 D
1354 5168 1369 5217 4
1389 5169 1502 5216 sublsnlt
1522 5165 1543 5214 P
1647 5167 1817 5227 dinelytart

219 5253 405 5315 etareglbusO
516 5255 607 5303 speleis
628 5255 699 5316 (aas.
721 5255 747 5315 x)
770 5254 790 5302 C
910 5253 1022 5302 tienlmi
1043 5252 1101 5301 em
1225 5253 1380 5304 ‘tractosA
1486 5254 1530 5303 sed
1547 5268 1596 5304 orn.
1618 5253 1641 5302 L
1745 5249 1853 5320 augens]

219 5353 297 5399 auges
314 5339 385 5388 codd.
511 5339 658 5402 eaqueus
675 5341 744 5400 erige
762 5339 786 5388 P
900 5341 1031 5389 nobilitate
1050 5338 1083 5387 P¹
1207 5339 1236 5390 11
1257 5342 1380 5404 exosplstl
1399 5342 1495 5390 etenim
1513 5337 1548 5408 A]
1566 5340 1689 5402 sreaplstl
1708 5341 1776 5389 enlm
1794 5341 1849 5390 reti.

222 5426 321 5488 (repleti
339 5428 357 5476 l.
377 5439 426 5475 rna.
448 5427 516 5474 2m.
537 5425 566 5488 Pl
676 5424 706 5475 12
726 5427 825 5490 proauis
843 5426 860 5473 t.
881 5439 932 5475 rus.
954 5427 1021 5474 2m.
1043 5425 1072 5488 P,
1094 5429 1180 5489 proanl
1200 5424 1235 5474 Α1
1342 5426 1373 5476 ¹³
1392 5429 1504 5477 rruosntl
1522 5428 1545 5475 A
1650 5422 1776 5494 nascitur]
1794 5427 1853 5475 red-

218 5509 288 5559 ditur
306 5510 330 5558 A
436 5509 467 5560 15
485 5506 577 5576 libyas]
594 5511 667 5560 libies
685 5509 716 5574 G,
737 5511 811 5560 libias
829 5510 859 5573 L,
880 5511 960 5570 lybias
977 5513 1033 5562 rell.
1122 5526 1236 5561 nemesus
1254 5512 1278 5561 P
1363 5518 1443 5562 erutos
1461 5514 1489 5576 F,
1510 5513 1623 5562 aronsO
1728 5511 1758 5562 17
1777 5513 1853 5575 quid-

219 5596 281 5658 quid
300 5592 334 5663 rl]
351 5597 471 5658 quioquid
493 5595 636 5644 CPMGBL
740 5596 768 5648 21
791 5597 892 5662 inpedit
909 5597 930 5646 G
1034 5596 1068 5649 22
1087 5599 1109 5647 sl
1128 5599 1151 5649 P

297 5694 428 5738 ursinum
443 5695 594 5739 nonnam
1610 5699 1644 5752 26
