4536 6196
1026 313 1196 370 VENAN'l'l
1214 311 1434 371 FOR'l'VNATl

751 505 895 589 protinus
919 527 940 570 a
963 505 1067 589 eapite
1090 503 1221 570 emicuit
1243 504 1359 587 globus
1380 503 1466 586 ignis
1489 502 1600 584 amici,

752 607 900 674 lambens
924 609 1008 674 colla
1031 627 1221 691 comasque,
1250 615 1282 674 et
1304 607 1434 672 flamma
1455 607 1597 692 benigna
1618 607 1749 672 volabat

751 715 839 777 tactu
861 711 983 794 mollis,
1010 712 1129 778 honore
1151 717 1282 796 potens,
1309 712 1480 796 splendore
1503 729 1691 792 coruscans,

751 815 838 881 crine
861 835 992 898 ornans,
1019 815 1167 882 meritum
1191 815 1346 900 prodens,
1375 836 1431 900 pro
1453 815 1595 899 tegmine
1617 814 1763 898 fulgens,

751 919 898 1004 praebuit
920 920 1107 1004 obsequium
1130 919 1236 984 minus
1257 918 1454 1004 inpendente
1476 918 1637 1002 ministro,

673 1059 679 1082 ι
751 1029 845 1104 gesta
867 1024 993 1090 occulta
1014 1022 1112 1088 index
1133 1023 1168 1088 in
1189 1023 1294 1088 lucem
1318 1022 1437 1088 lumine
1460 1021 1602 1087 mittens.

751 1146 769 1191 o
792 1126 883 1192 dives
905 1147 1045 1212 pauper,
1073 1126 1184 1193 tunica
1206 1133 1353 1193 contente
1376 1146 1435 1192 nec
1459 1147 1538 1208 una,

750 1230 805 1313 qui
828 1250 888 1296 nec
909 1230 1010 1297 hebes
1034 1230 1133 1296 aliam
1156 1251 1260 1313 neque
1283 1230 1333 1295 vis
1356 1230 1493 1296 retinere
1516 1231 1569 1296 vel
1591 1231 1711 1315 ipsam,

751 1333 827 1398 dum
851 1353 1020 1418 superesse
1044 1343 1140 1419 putas
1163 1334 1313 1400 vestitum
1337 1333 1492 1419 simplicis
1515 1353 1608 1416 usus,

751 1439 802 1504 cui
824 1439 934 1522 gravis
956 1446 1006 1504 est
1027 1440 1081 1505 vel
1104 1439 1193 1524 palla
1215 1438 1314 1520 levis,
1343 1438 1419 1503 dum
1442 1439 1562 1504 elamat
1584 1455 1723 1522 egenus:

750 1543 891 1626 tegmine
914 1563 970 1627 pro
993 1542 1072 1608 nudi
1095 1542 1227 1627 cupiens
1250 1541 1422 1627 procedere
1445 1541 1551 1607 nudus

752 1667 812 1713 nec
834 1646 962 1732 partiris
985 1667 1095 1730 opem,
1124 1646 1183 1712 sed
1204 1653 1303 1711 totum
1328 1645 1416 1712 cerlis
1440 1646 1566 1729 egenti,

751 1751 833 1817 haee
853 1757 911 1816 tua
933 1752 1003 1816 sola
1025 1758 1159 1836 putans,
1187 1750 1308 1834 petitus
1331 1749 1359 1814 si
1382 1750 1473 1815 nulla
1495 1768 1667 1832 negasses,

750 1862 785 1921 ut
807 1854 912 1937 magis
935 1873 1024 1920 esses
1046 1854 1157 1939 inops,
1183 1853 1272 1938 inopi
1294 1852 1370 1918 durn
1393 1860 1509 1918 cuncta
1532 1852 1697 1934 dedissem

750 1977 809 2022 nec
831 1956 962 2042 puduit,
989 1956 1171 2028 verecunde
1193 1964 1301 2042 pater,
1330 1956 1400 2022 sine
1424 1961 1516 2022 veste
1539 1956 1722 2037 sedentem,

750 2061 809 2127 sed
831 2061 912 2126 nihil
935 2061 1062 2127 erubuit
1084 2060 1188 2146 pietas
1210 2061 1347 2146 inpensa
1368 2060 1474 2125 tidelis

749 2184 810 2230 nec
831 2165 997 2231 minimum
1021 2165 1177 2246 retinens,
1205 2163 1297 2231 fieret
1319 2185 1381 2248 quo
1404 2165 1506 2230 maior
1528 2164 1658 2230 honore.

750 2275 799 2334 est
820 2268 902 2333 mihi
923 2268 1009 2333 velle
1032 2268 1122 2350 loqui
1144 2268 1291 2352 speciosa
1313 2268 1443 2351 negotia
1465 2267 1559 2349 nudi,

751 2372 810 2439 sed
832 2372 961 2457 rapiunt
982 2371 1114 2437 avidum
1138 2372 1334 2455 reliquarum
1357 2372 1499 2456 insignia
1522 2393 1639 2438 rerum.

834 2476 919 2540 Dum
944 2475 1111 2542 recubaret
1132 2476 1229 2541 humo
1251 2474 1382 2542 fluitans
1405 2475 1563 2542 Euantius
1586 2496 1685 2560 aeger

749 2581 855 2646 lessus
878 2585 910 2646 et
933 2585 1095 2644 extremus
1118 2599 1190 2644 cum
1213 2579 1278 2645 iam
1301 2599 1398 2666 super
1421 2579 1541 2646 halitus
1564 2579 1640 2660 iret,

749 2683 930 2769 pontificem
952 2684 1102 2769 precibus
1125 2685 1212 2749 celer
1234 2692 1362 2764 evocat,
1390 2691 1425 2750 ut
1447 2690 1633 2769 properaret

749 2797 782 2855 et
803 2788 856 2853 via
879 2795 992 2872 coepta
1014 2787 1099 2854 sacri
1121 2787 1212 2853 fieret
1234 2788 1295 2852 sihi
1318 2788 1385 2854 vita
1406 2788 1541 2854 reducti.

749 2912 809 2958 nec
830 2897 997 2957 cunctatus
1018 2892 1080 2957 iter
1101 2891 1259 2958 Martinus
1282 2890 1372 2957 adire
1395 2891 1498 2957 viator

749 2997 804 3061 rix
828 2995 969 3062 medium
993 2996 1132 3080 epatium
1155 3014 1306 3062 emensus
1328 2995 1497 3079 gradiente
1520 3003 1651 3061 senecta

750 3107 826 3167 ante
849 3099 964 3165 salutis
988 3119 1081 3184 opem
1103 3099 1206 3180 misit,
1234 3120 1330 3183 quam
1353 3099 1441 3164 visus
1464 3099 1610 3180 adesset,

749 3210 847 3287 atque
869 3203 1010 3269 medella
1032 3223 1130 3288 aegro
1153 3203 1230 3269 data
1252 3201 1377 3268 nuntiat
1397 3203 1445 3268 ire
1467 3203 1616 3286 beatum,

750 3305 935 3391 significans
957 3306 1054 3372 etiam
1077 3325 1187 3372 cursor
1208 3305 1369 3372 medicina
1392 3314 1591 3390 sequentem.

751 3412 826 3477 dum
849 3410 932 3495 pede
955 3410 1061 3476 tardat
1082 3411 1195 3492 heros,
1223 3411 1399 3494 praecessit
1422 3431 1499 3476 cura
1519 3412 1628 3476 volatu

750 3514 972 3600 adventusque
995 3513 1040 3597 pii
1063 3513 1124 3579 fert
1146 3534 1225 3578 aura
1247 3515 1386 3579 salubris
1408 3514 1553 3596 odorem,

667 3641 697 3680 es
751 3625 786 3684 ut
808 3616 870 3682 cito
892 3624 1093 3699 succurrant,
1121 3625 1285 3701 unguenta
1307 3639 1364 3702 per
1385 3639 1463 3684 aera
1484 3624 1621 3683 tranant.

484 3899 486 3902 .
520 3863 613 3923 Sutptc.
634 3861 695 3913 utet.
717 3863 754 3911 ll.

417 4032 562 4080 procurans,
591 4018 650 4064 dum
674 4019 722 4065 sibi
748 4023 843 4066 vestem
870 4019 952 4066 nudus
976 4020 1120 4080 inponeret,
1148 4020 1208 4066 totis
1227 4019 1321 4066 viribus
1340 4018 1466 4065 elaborans
1486 4024 1515 4066 ut
1539 4025 1623 4079 posset
1640 4019 1765 4067 occultum
1783 4034 1840 4068 esso
1858 4021 1923 4081 quod
1942 4023 2044 4072 leserat.

417 4106 460 4153 sed
485 4104 586 4166 quando
610 4103 636 4150 iu
662 4104 757 4152 sanetis
781 4105 842 4152 viris
866 4106 948 4153 latent
971 4107 1019 4153 ista
1043 4106 1241 4167 quaerentibus?
1271 4105 1354 4152 uelint
1372 4105 1455 4153 nolint
1473 4109 1563 4151 cuncta
1581 4105 1728 4165 produntur.
1767 4121 1823 4154 eum
1842 4107 1886 4154 hue
1905 4108 1982 4165 igitur
2000 4109 2045 4154 ob·

416 4193 515 4239 laturus
532 4191 681 4238 sacrificium
701 4189 747 4238 deo
765 4195 835 4238 veste
853 4192 971 4252 procedit.
1015 4193 1046 4254 (Ρ,
1071 4195 1094 4250 lt
1122 4206 1171 4253 quo
1197 4192 1299 4253 quidem
1323 4191 1365 4238 die
1382 4217 1417 4226 —
1435 4192 1498 4238 mira
1516 4191 1630 4238 dicturus
1649 4204 1705 4238 sum
1723 4217 1756 4226 -
1775 4205 1831 4240 cum
1849 4193 1900 4239 iam
1919 4193 2043 4250 altarium,

418 4279 484 4326 sieut
503 4281 542 4325 est
561 4276 690 4336 sollemne,
711 4277 879 4338 benediceret,
900 4277 1000 4338 globum
1019 4278 1087 4336 ignis
1106 4278 1238 4339 decapite
1257 4277 1326 4326 illius
1346 4277 1456 4326 vidimus
1475 4279 1594 4336 emicare,
1616 4278 1652 4324 ita
1671 4281 1700 4323 ut
1717 4277 1744 4324 ln
1763 4277 1872 4325 sublime
1891 4278 2046 4326 eoruteudens

417 4366 519 4424 longum
537 4363 671 4411 admodum
690 4363 784 4410 crinem
806 4361 832 4423 (i.
853 4379 874 4412 ιι.
896 4378 916 4412 c.
937 4363 964 4423 V,
985 4365 1082 4423 longius
1101 4364 1190 4412 collum
1209 4365 1352 4426 crinemque
1372 4365 1428 4426 ΑΡ)
1451 4366 1550 4412 flamma
1568 4364 1723 4426 produceret.

488 4451 513 4508 9,
533 4451 549 4496 3
574 4449 621 4496 Per
646 4449 711 4496 idem
735 4449 788 4496 lere
812 4453 912 4511 ternpus
939 4465 995 4497 curn
1018 4450 1163 4498 Euanthius
1191 4449 1368 4512 (sustitinent
1398 4452 1538 4500 avunculus
1563 4465 1649 4509 meus,
1676 4450 1714 4497 rir
1738 4449 1797 4497 licet
1823 4451 1914 4498 saeculi
1939 4452 2046 4509 negotiis

420 4541 554 4598 occupatus
571 4534 704 4582 admodum
724 4533 896 4598 Christianus,
923 4537 1070 4595 grauissima
1087 4537 1246 4596 aegritudine
1265 4545 1377 4584 extremo
1396 4539 1482 4586 mortis
1501 4538 1611 4599 periculo
1630 4535 1754 4597 coepisset
1771 4538 1887 4599 urgueri,
1910 4536 2046 4584 Martinam

489 4864 522 4915 56
540 4866 612 4913 flama
631 4864 656 4912 N
792 4863 824 4913 58
843 4866 938 4914 crinem
958 4864 1001 4912 PL
1129 4866 1162 4914 59
1181 4867 1294 4927 obsequii
1315 4865 1337 4911 P
1457 4881 1549 4915 munus
1570 4865 1599 4912 Ρ1
1721 4866 1877 4928 inpendente
1898 4860 1981 4930 liris]
1998 4866 2049 4912 im-

418 4951 545 5014 pendente
568 4949 639 5010 L¹B,
665 4951 815 5000 intendente
841 4948 896 4999 PL2
1052 4950 1084 5000 ot
1110 4957 1223 5000 retonare
1249 4952 1295 4999 ΡΝ
1443 4952 1476 5000 bl
1502 4956 1614 5012 pegaseis
1640 4953 1686 5001 ΡΝ
1834 4952 1866 5001 68
1892 4951 1999 4999 dediscis
2025 4952 2049 4999 N
2120 4995 2121 4998 ,

419 5038 451 5086 70
473 5038 589 5100 (inpensa
607 5036 704 5098 Puris)
839 5036 941 5087 'll—73
960 5051 1007 5087 om.
1029 5036 1062 5084 Νι
1193 5037 1222 5086 ti
1244 5040 1377 5086 minimum
1396 5036 1426 5104 S]
1445 5040 1574 5088 minimam
1593 5041 1647 5088 rell.
1772 5041 1843 5088 tieret
1862 5033 1962 5103 PL²8²]
1981 5039 2050 5086 tierit

421 5123 510 5186 NMdl,
532 5125 610 5172 luerit
627 5123 683 5172 ΒΙιι
797 5123 829 5172 72
848 5120 898 5190 est]
917 5139 950 5172 ex
970 5123 993 5170 N
1095 5126 1205 5186 spaciosa
1223 5122 1264 5186 ΙΝ,
1286 5127 1396 5186 spatiosa
1414 5125 1442 5186 Ρ,
1464 5124 1525 5184 sort.
1546 5127 1656 5187 spatiosa
1673 5126 1784 5173 encomia
1897 5124 1927 5173 73
1948 5123 2049 5184 insigna

422 5211 444 5258 Ρ
546 5209 579 5259 74
597 5224 618 5257 ιι
637 5209 712 5258 ΡΝΝ
814 5223 907 5258 nesure
925 5223 1025 5258 uvaurr
1044 5223 1151 5258 usnora
1169 5210 1194 5258 Ν
1295 5210 1372 5259 humo
1392 5208 1465 5277 PBS]
1491 5211 1562 5259 homo
1582 5210 1656 5260 lt'Llil
1672 5225 1700 5259 ea
1718 5213 1758 5262 sit.
1782 5210 1860 5274 (‘cod.
1885 5210 1939 5259 Vct.
1959 5209 2050 5259 humo'

419 5294 535 5356 laubias)
654 5299 773 5346 euantiue
791 5300 826 5344 sie
844 5297 881 5344 bie
898 5300 921 5343 et
939 5296 1009 5356 infru
1026 5296 1096 5346 codd.
1213 5295 1381 5345 saurauer
1492 5297 1525 5346 76
1544 5299 1648 5346 aduocat
1665 5299 1693 5358 S,
1714 5298 1828 5356 uocatN
1932 5295 1963 5344 'll
1983 5299 2051 5345 uicta

421 5382 444 5430 P
582 5383 614 5432 79
639 5383 750 5431 medium
769 5379 891 5449 epatium]
915 5382 998 5431 medio
1016 5385 1097 5444 spacio
1120 5381 1210 5442 (spatio
1229 5381 1257 5442 Ρ)
1279 5381 1349 5432 codd.
1491 5383 1524 5433 80
1547 5399 1594 5437 om.
1618 5383 1640 5430 P
1777 5383 1806 5434 81
1834 5383 1940 5432 medella
1961 5381 2051 5451 Nhis]

419 5468 522 5516 mediiis
548 5469 583 5530 Ρ,
613 5469 709 5517 medela
732 5469 778 5517 BL
934 5467 1036 5517 82-85
1060 5483 1108 5516 om.
1129 5468 1174 5515 BL
1204 5467 1239 5528 (ιίι
1263 5483 1342 5528 musy.
1364 5465 1411 5517 Li:
1441 5466 1565 5536 r[equire]
1590 5467 1702 5538 u[ersue]
1724 5475 1776 5532 1111)
1936 5468 1969 5518 83
1997 5475 2052 5520 sar-

419 5554 474 5603 tbst
493 5554 521 5600 ld
658 5555 730 5605 heros
748 5551 820 5624 Vera]
844 5567 898 5602 erus
916 5555 969 5618 PN,
997 5567 1055 5602 erus
1075 5553 1121 5604 MS
1260 5554 1292 5604 85
1312 5569 1368 5604 aera
1386 5561 1487 5604 tranant
1504 5557 1533 5621 P,
1554 5558 1607 5607 Sv.
1623 5554 1655 5624 t]
1679 5571 1736 5605 aera
1753 5558 1850 5605 trahant
1869 5555 1899 5616 N,
1928 5563 1982 5619 erat
2000 5562 2052 5605 tra-

420 5640 482 5692 hent
501 5638 547 5692 MS
