4506 6248
877 324 1079 381 casumve
1098 326 1168 381 LIB.
1189 325 1224 381 X.

1031 705 1075 768 IV

958 857 1050 933 Item
1077 860 1151 934 alia

326 1059 537 1127 celsitudinis
559 1069 687 1127 vestrae
710 1061 828 1146 legatis
850 1063 1141 1128 transcurrentibus
1164 1062 1250 1128 omni
1272 1061 1406 1128 caritate
1429 1063 1568 1128 refectas
1590 1081 1649 1127 nos
1669 1063 1874 1129 insaturabili

238 1170 310 1229 voto
340 1163 523 1247 suscepisse
552 1164 770 1248 gratificamur
800 1165 973 1250 epistulas:
1006 1165 1039 1229 in
1073 1165 1188 1246 quibus
1217 1172 1268 1246 ut,
1302 1165 1388 1248 quod
1410 1173 1479 1230 erat
1501 1173 1630 1230 nostrae
1652 1165 1868 1246 relevationis,

238 1265 417 1331 consultum
452 1264 493 1332 de
526 1266 626 1332 vestri
661 1267 810 1332 culminis
843 1267 1063 1332 incolumitate
1097 1267 1289 1351 relegimus,
1333 1267 1505 1334 inserendo
1543 1268 1872 1334 commemorationem

238 1368 445 1435 dulcissimae
472 1368 559 1434 filiae
588 1369 674 1451 quod
703 1376 753 1435 est
782 1370 823 1435 da
853 1390 998 1436 maerore
1025 1370 1191 1454 partimur.
1289 1373 1328 1455 (2)
1355 1370 1502 1454 Denique
1535 1371 1651 1454 quibus
1681 1370 1742 1436 fuit
1763 1370 1798 1436 in
1821 1370 1871 1434 vi-

208 1479 334 1537 rvente
357 1471 549 1556 participata
572 1472 715 1554 laetitia,
749 1472 814 1537 sint
836 1492 1020 1538 communes
1042 1473 1195 1539 lacrimae
1217 1492 1351 1539 necesse
1374 1474 1478 1538 estin
1502 1473 1670 1552 defuncta,
1707 1494 1767 1539 nec
1790 1473 1871 1538 ratio

239 1574 371 1654 suadet,
400 1580 435 1639 ut
457 1576 527 1640 sola
549 1575 607 1641 tibi
630 1575 837 1659 privilegium
861 1575 1019 1640 defendas
1041 1575 1075 1639 in
1097 1575 1191 1658 fletu,
1218 1596 1302 1658 quae
1326 1576 1467 1641 habuisti
1489 1576 1523 1640 in
1546 1576 1637 1641 cuius
1658 1595 1717 1641 nos
1741 1575 1872 1660 conpari

239 1677 415 1760 ligaremur
436 1679 572 1743 affectu:
599 1678 750 1761 quoniam
773 1679 849 1744 licet
870 1678 1008 1744 fomrata
1030 1678 1145 1744 vestris
1168 1699 1208 1744 ex
1232 1679 1409 1744 visceribus
1431 1679 1653 1764 processisset,
1678 1685 1871 1744 tamennon

239 1779 345 1845 minus
375 1778 487 1845 adulta
516 1781 632 1846 nostris
655 1781 688 1845 in
711 1780 892 1865 pectoribus
916 1781 1088 1862 habitavit,
1121 1781 1240 1867 quippe
1263 1802 1346 1866 quae
1368 1782 1548 1866 producens
1571 1788 1696 1866 partum
1719 1801 1760 1847 ex
1782 1789 1872 1846 utero

240 1881 466 1948 transmiseras
489 1883 582 1966 quasi
605 1883 639 1948 in
662 1889 769 1949 nostro
792 1885 914 1967 gremio
937 1891 1155 1968 recepturum
1182 1892 1310 1949 uicum
1334 1905 1355 1949 a
1377 1885 1469 1950 vobis
1485 1892 1581 1966 esset,
1608 1883 1669 1950 etsi
1684 1904 1747 1949 non
1762 1883 1868 1966 eorde,

191 2007 220 2048 to
239 1993 347 2051 tarnen
363 2004 493 2070 corpore
510 2005 687 2067 recessura,
706 1987 799 2052 nobis
815 1987 950 2052 velutin
966 1994 1074 2052 vestra
1089 1987 1275 2052 vicarietate
1290 1985 1381 2051 fieret
1395 1987 1633 2071 amplectenda.
1729 1991 1766 2066 [3]
1789 1987 1872 2052 Hinc

240 2088 412 2170 estquod,
450 2088 554 2170 [quod]
582 2089 676 2153 matri
699 2088 740 2155 de
762 2090 820 2155 illa
842 2090 993 2174 genitalis
1016 2109 1116 2154 causa
1139 2089 1333 2168 contulerat,
1367 2088 1446 2153 milri
1468 2096 1568 2155 totum
1591 2090 1680 2155 velut
1702 2090 1873 2173 adoptivus

238 2210 329 2255 amor
358 2191 525 2275 explebat,
559 2191 651 2276 quia,
684 2212 756 2257 cum
786 2192 878 2256 vobis
909 2191 1035 2275 genita,
1073 2192 1164 2257 nobis
1194 2198 1301 2257 tamen
1333 2197 1403 2256 erat
1431 2200 1555 2257 renata.
1602 2192 1751 2275 equidem
1780 2199 1872 2277 opta-
1916 2231 1918 2234 -

239 2313 349 2358 veram
373 2293 575 2378 promeritis
598 2294 685 2376 eius,
720 2295 778 2360 illa
801 2295 973 2379 superstite
995 2295 1160 2360 vobiscum
1183 2295 1270 2378 loqui
1293 2294 1333 2360 de
1356 2294 1475 2377 gaudio
1498 2295 1621 2378 magis,
1654 2315 1748 2378 quam
1772 2295 1873 2360 tristis

241 2396 379 2462 conlatio
408 2405 593 2463 nasceretur
622 2419 662 2464 en
690 2397 777 2463 fletu.
827 2399 886 2463 sed
913 2398 1024 2463 invida
1054 2418 1158 2463 rerum
1190 2398 1309 2479 series,
1347 2418 1430 2480 quae
1459 2397 1540 2463 illud
1570 2397 1708 2464 celerius
1738 2398 1874 2482 subripit

193 2523 222 2562 rs
241 2498 327 2583 quod
349 2499 454 2583 magis
477 2499 605 2582 placere
628 2501 821 2584 cognoverit,
846 2521 913 2566 rem
937 2501 1016 2566 mibi
1039 2500 1288 2566 desiderabilem
1311 2520 1415 2585 paene
1437 2521 1501 2565 uno
1524 2507 1683 2566 momento
1707 2508 1739 2566 et
1760 2502 1875 2567 offerre

243 2602 344 2668 voluit
377 2608 409 2668 et
441 2602 579 2667 auferre.
638 2604 690 2668 vel
723 2624 824 2686 quare
857 2604 949 2670 nobis
982 2624 1049 2668 rem
1082 2603 1192 2668 attulit
1223 2624 1320 2686 quam
1353 2603 1533 2669 subducere
1566 2603 1753 2669 seuiuariti
1804 2623 1874 2668 cum

243 2705 323 2770 nibil
347 2705 388 2770 sit
410 2705 443 2770 in
465 2705 607 2770 bumana
630 2706 814 2772 condicione
837 2706 1000 2772 crudelius
1023 2727 1118 2788 quam
1142 2712 1198 2770 aut
1220 2726 1283 2771 non
1306 2705 1415 2771 videre
1439 2705 1524 2789 quod
1545 2706 1665 2772 habeat
1687 2713 1743 2771 aut
1765 2706 1874 2771 videre

242 2807 328 2891 quod
349 2807 474 2892 perdat.
571 2811 607 2888 [tl
636 2808 701 2874 Sed
729 2829 894 2892 quousque
926 2828 1018 2874 suum
1048 2829 1223 2874 maerorem
1248 2809 1338 2874 dolor
1358 2809 1547 2892 inportunus
1570 2809 1698 2873 exacuit
1720 2829 1759 2873 ac
1781 2830 1876 2893 prae-

243 2931 318 2995 ceps
342 2911 410 2976 sine
433 2910 522 2976 freno
544 2910 730 2977 moderatae
754 2911 982 2976 consolationis
1005 2912 1166 2977 excurrit?
1196 2932 1266 2976 oum
1289 2911 1460 2992 intellegat
1482 2911 1540 2976 hoc
1562 2911 1734 2996 temperari
1757 2910 1874 2977 debere

194 3012 330 3098 acquod
359 3013 531 3078 emendare
561 3015 743 3097 nequiverit
771 3022 803 3079 et
831 3014 1065 3097 aequanimiter
1093 3015 1208 3079 toleret
1236 3013 1323 3098 quod
1342 3013 1496 3078 infectum
1519 3014 1626 3080 facere
1649 3034 1711 3078 uon
1733 3015 1872 3094 valebit3

243 3116 431 3202 praesertim
461 3136 533 3181 cum
561 3116 595 3182 in
623 3117 683 3182 illa
711 3125 758 3183 tot
787 3118 982 3183 admiranda·
1007 3116 1207 3198 refulserint,
1241 3123 1276 3181 ut
1304 3136 1364 3182 nec
1393 3114 1481 3201 apud
1502 3116 1649 3182 homines
1670 3116 1705 3182 in
1727 3136 1875 3182 sermone

244 3218 398 3284 defecerit
419 3225 451 3284 et
472 3218 560 3304 apud
583 3218 678 3286 deum
702 3220 742 3286 de
765 3241 861 3304 opere
885 3221 1028 3307 praemia
1050 3221 1190 3287 viventis
1213 3225 1372 3304 expectet.
1468 3221 1507 3302 (5]
1535 3219 1619 3284 Nam
1648 3226 1776 3304 praeter
1798 3221 1875 3286 reli-

243 3342 308 3404 qua
335 3323 419 3388 bona
447 3342 531 3405 quae
554 3342 624 3387 curn
647 3323 706 3388 illa
729 3323 894 3389 laudanda
917 3331 991 3390 sunt
1019 3327 1088 3406 [nee
1110 3331 1219 3390 tamen
1241 3323 1353 3388 clausa
1376 3323 1483 3388 iacent
1503 3322 1538 3387 in
1559 3323 1682 3387 tumulo
1705 3322 1781 3387 dum
1805 3324 1875 3387 vol-

242 3431 360 3490 vuntur
381 3445 439 3510 per
461 3445 517 3490 ora
542 3427 736 3508 cunctorum)
770 3426 831 3491 boc
860 3446 957 3491 unum
986 3426 1127 3492 breviter
1154 3424 1286 3492 adsero:
1322 3426 1351 3490 si
1380 3424 1462 3490 fides
1492 3432 1524 3491 et
1553 3423 1732 3510 persecutio
1755 3426 1875 3491 Christi

194 3547 225 3590 aa
244 3535 417 3612 martyrem
440 3528 527 3610 facit,
553 3549 616 3593 nou
640 3529 742 3595 babes
764 3530 798 3594 in
820 3529 877 3594 tali
901 3529 968 3593 filia
991 3529 1078 3611 quod
1100 3527 1231 3610 deflere,
1258 3528 1335 3611 quia
1357 3528 1408 3592 illi
1430 3534 1463 3594 et
1484 3536 1569 3593 recte
1593 3527 1724 3594 eredere
1741 3529 1876 3612 contigit
1970 3611 1972 3615 Ι

244 3639 276 3697 et
297 3631 456 3716 perferre,
491 3638 524 3697 et
545 3632 622 3698 licet
644 3632 831 3698 festinasset
852 3632 886 3698 in
907 3632 1072 3698 iuventute
1096 3651 1165 3698 sors
1188 3631 1313 3712 debita,
1347 3638 1455 3696 tamen
1486 3636 1535 3696 est
1555 3630 1739 3697 innocentia
1761 3651 1875 3696 secura

243 3734 284 3800 de
307 3735 426 3819 palma.

243 3987 656 3996 -—-——-———-—-———-

311 4167 348 4215 lV
367 4181 414 4216 om.
430 4168 453 4213 F
555 4168 660 4228 epistula
673 4165 833 4226 Rudapussdis
848 4169 945 4214 nomine
958 4170 1090 4232 compositu
1195 4166 1309 4215 detitrsto
1321 4166 1454 4212 etnomius
1468 4164 1531 4213 idem
1545 4163 1749 4226 dicandumquod
1761 4164 1794 4210 ud
1808 4178 1840 4212 111

243 4256 279 4300 tit.
301 4266 348 4301 om.
373 4253 393 4299 C
513 4253 573 4300 item
592 4266 640 4300 om.
661 4252 706 4301 BL
844 4252 850 4300 Ι
874 4252 1040 4300 eelsetudinis
1060 4253 1087 4299 Μ
1208 4252 1312 4300 reiectas
1331 4249 1368 4296 Mi
1387 4255 1415 4297 ut
1434 4249 1484 4300 vid.
1505 4246 1539 4316 L]
1558 4251 1752 4310 resumserat,
1773 4252 1876 4300 reiertas

242 4338 373 4385 Broruarus
476 4339 641 4386 insaturabile
660 4352 686 4387 u.
707 4339 845 4400 suscipiere
866 4337 886 4384 C
1004 4336 1248 4402 igratiticamusL
1351 4337 1474 4398 epistulas
1493 4332 1538 4402 Μ]
1556 4349 1673 4399 spossus
1693 4335 1735 4399 Αἱ,
1756 4339 1877 4397 epistolas

241 4427 295 4473 rell.
415 4421 455 4490 ut]
473 4431 498 4473 et
516 4423 588 4473 codd.
705 4425 869 4473 reuelationis
887 4423 912 4470 D
1035 4423 1244 4474 3ineolumitats
1263 4420 1296 4490 B]
1314 4423 1483 4472 incolomitate
1502 4423 1557 4470 reli.
1681 4422 1755 4471 lest
1772 4437 1820 4472 om.
1842 4421 1877 4469 02

243 4509 484 4573 bparticipanteL
588 4512 726 4559 communis
746 4509 844 4557 ACMB
949 4507 1006 4577 nec]
1025 4524 1057 4558 ue
1076 4511 1099 4557 Α
1215 4509 1334 4559 bsuadlt
1352 4507 1428 4556 ΛΟΜ
1530 4505 1643 4574 conpari]
1663 4521 1711 4557 nou
1730 4510 1784 4572 pari
1803 4509 1872 4558 codd.

246 4599 306 4658 (pari
328 4593 368 4657 Οἳ]
494 4595 508 4644 ἵ
528 4595 662 4657 ligaremur
679 4592 775 4663 Bw]
792 4597 926 4656 ligaremur
945 4592 996 4657 Mi,
1019 4596 1160 4656 legaremus
1179 4597 1234 4644 rati.
1357 4595 1517 4656 processisslt
1536 4592 1574 4640 llf¹
1700 4593 1716 4643 9
1734 4596 1761 4642 in
1780 4591 1874 4662 nostro]

243 4685 372 4731 nostruin
390 4682 413 4731 L
542 4689 700 4744 recepturum
717 4697 762 4743 pro
780 4682 953 4744 recipiendum
1086 4680 1117 4731 10
1136 4696 1297 4744 praecessura
1316 4679 1345 4728 M
1474 4687 1557 4730 nostra
1575 4681 1600 4728 D
1729 4683 1875 4730 uicarietate

242 4764 396 4835 nonam]
419 4769 570 4817 nccarlatate
588 4767 622 4814 Al
641 4781 719 4829 eom,
742 4766 810 4829 Cili,
837 4768 973 4815 necaritata
992 4766 1050 4814 Aia
1189 4767 1363 4830 amplectanda
1381 4765 1428 4814 BL
1569 4765 1596 4814 ll
1624 4763 1785 4832 quodquod]
1809 4769 1874 4828 quod

242 4852 313 4902 codd.
454 4854 578 4914 genotalis
597 4852 625 4900 li
764 4851 795 4902 12
813 4859 899 4902 renata
918 4854 1036 4916 equidem
1056 4850 1112 4922 00]
1138 4855 1343 4916 renatsequidem
1363 4851 1429 4912 Abi,
1460 4858 1564 4914 regnata
1581 4853 1699 4914 equidem
1719 4853 1758 4914 D,
1790 4861 1875 4902 renate

242 4940 347 5002 quidem
365 4940 395 5003 li,
417 4947 503 4988 renata
520 4939 621 5002 quidem
641 4939 687 4988 Rs
815 4939 845 4989 ri
864 4935 983 5004 conlatio]
1002 4941 1136 4988 consolatio
1158 4939 1238 4989 ‘uuus
1255 4940 1308 4988 eod.
1329 4934 1399 4988 Voi.‘
1417 4938 1528 4987 Lesbius
1632 4939 1741 5001 subripit
1758 4935 1875 5006 BLRG2]

243 5027 357 5086 subrepit
375 5021 510 5086 AM0102,
531 5027 601 5076 subrl
623 5025 652 5073 0¹
777 5024 809 5075 16
827 5022 937 5093 auferre]
955 5027 1045 5075 oiierra
1063 5028 1088 5074 D
1211 5027 1298 5075 attulit
1315 5039 1368 5074 rem
1387 5039 1444 5074 oum
1463 5025 1642 5074 subducereL
1766 5024 1795 5073 il
1815 5039 1875 5073 con·
1904 5057 1905 5060 =

244 5111 341 5160 ditione
358 5111 428 5160 codd.
562 5110 593 5161 18
611 5113 763 5174 inportunus
782 5107 890 5178 ACMG]
908 5114 1067 5174 importunus
1086 5112 1133 5160 BL
1262 5109 1292 5160 19
1311 5112 1438 5171 intelligat
1456 5111 1502 5159 AL
1623 5110 1657 5160 20
1675 5109 1801 5159 emendari
1819 5111 1842 5158 B

243 5199 393 5260 nequiuerat
412 5197 457 5245 BL
561 5198 645 5246 tulerit
665 5197 692 5256 0,
713 5198 848 5259 tolerasti,
870 5196 1004 5246 tolleretG
1110 5197 1140 5248 21
1161 5199 1307 5247 refulserint
1325 5211 1372 5246 orn.
1388 5197 1411 5244 L
1515 5193 1593 5264 apud]
1610 5203 1683 5259 apost
1693 5195 1736 5256 13¹,
1757 5203 1818 5258 aput
1831 5194 1871 5254 3²,

242 5289 336 5334 itemu.
351 5284 385 5331 2?
507 5281 540 5332 22
558 5283 589 5331 de
608 5296 683 5343 opere
700 5283 785 5333 anub
890 5288 1008 5347 expectet
1027 5281 1061 5350 0]
1079 5291 1178 5347 spectet
1194 5285 1247 5332 esti.
1374 5279 1407 5332 23
1426 5279 1520 5348 clausa]
1540 5297 1569 5331 sa
1587 5282 1711 5331 chasab
1814 5284 1876 5332 uul·
1915 5273 1917 5278 ’

241 5368 378 5418 uuuturC
493 5367 525 5417 25
545 5371 670 5417 martirem
688 5369 718 5430 L,
740 5377 860 5428 martyres
879 5370 902 5417 A
1006 5371 1078 5420 babis
1098 5371 1125 5418 ld
1229 5364 1343 5435 credere]
1361 5372 1377 5419 t.
1398 5383 1448 5418 rus.
1470 5372 1482 5416 l
1502 5384 1537 5418 m.
1558 5369 1582 5415 1>
1602 5370 1640 5431 (aa
1658 5371 1797 5430 contigitil,
1818 5384 1876 5429 gre-

243 5455 302 5503 dere
322 5455 352 5516 R,
373 5455 458 5516 egredi
477 5454 523 5503 BL
626 5455 719 5505 mabsar.
740 5468 866 5503 sxrnrcrr
885 5455 1006 5504 AleDG

322 5708 449 5750 Vesssrrrs
463 5709 609 5752 Fosrvrtssva
