4336 6262
360 293 401 356 80
663 285 862 345 OPVSOVLA
880 287 1074 343 VENANTIO
1093 286 1324 344 FORTVNATO
1344 287 1447 343 MALE
1466 286 1689 343 ATTRIBVTA

359 497 528 544 emoronsa
557 497 578 542 a
605 477 734 544 domino
764 484 888 545 constat
918 484 1096 562 patratum,
1132 479 1208 562 quia
1237 478 1321 544 siout
1341 478 1400 544 illa
1422 499 1462 544 ex
1486 486 1572 545 tactu
1595 477 1739 545 fimbriae
1764 488 1879 546 sanata
1904 489 1957 545 est
1982 499 2003 544 a

357 580 514 666 profluvio
537 580 714 666 sanguinis,
739 581 786 646 ita
808 588 842 647 et
862 580 925 646 ista
948 601 989 646 ex
1011 588 1099 646 tactu
1120 581 1167 647 fili
1190 588 1301 666 crepta
1324 589 1374 648 cst
1395 601 1414 646 a
1438 582 1608 648 uexatione
1632 583 1809 650 daemonis.
1850 584 1913 649 Illa
1936 604 2003 648 au-

282 757 284 760 ,
358 693 423 750 tem
453 683 591 750 liberata
620 691 687 748 tam
714 705 735 749 a
764 683 890 767 laqueis
917 683 1039 750 inimici
1068 705 1163 768 quam
1194 705 1213 750 a
1244 683 1327 751 curis
1350 685 1472 751 saeculi
1494 684 1626 753 devovit
1647 705 1682 752 se
1705 687 1854 754 omnibus
1879 675 2002 754 diebus

357 787 547 854 servituram
572 786 710 870 domino,
737 787 906 853 coniuncta
929 787 1027 853 sorori
1051 786 1220 860 ineodem
1243 787 1410 853 coenobio.

251 893 333 958 XXI
447 894 506 974 (69)
535 891 624 956 Inter
645 890 771 973 reliqua
793 890 945 956 virtutum
968 891 1125 957 miracula
1146 890 1229 957 illud
1252 891 1394 957 inserere
1417 891 1585 958 mirificum
1608 899 1660 960 est
1681 892 1769 976 quod
1790 893 1824 960 in
1840 892 2004 977 fugandis
2028 915 2043 953 s

356 994 596 1060 infirmitatibus
618 999 744 1059 constat
765 993 1020 1059 celebenimum.
1065 994 1150 1059 Nam
1172 994 1201 1059 si
1225 994 1297 1077 quis
1321 1000 1398 1079 typo
1421 994 1615 1076 cotidianae,
1641 995 1799 1062 tertianae
1822 997 1874 1061 uel
1897 1019 2005 1080 quar-

356 1105 452 1164 tanae
483 1096 583 1163 lebris
612 1102 777 1180 correptus
800 1095 842 1162 de
864 1096 996 1181 palliolo
1018 1097 1122 1162 saneti
1145 1096 1206 1162 viri
1229 1095 1345 1163 luisset
1367 1097 1584 1181 praecinctus,
1618 1099 1754 1183 pristina
1774 1100 2004 1166 incolumitate

357 1209 487 1286 recepta
515 1199 559 1266 ad
587 1199 761 1284 hospitium
793 1201 1013 1266 revertebatur
1043 1219 1153 1266 sanus.
1201 1201 1244 1267 Et
1263 1200 1311 1266 ita
1332 1200 1443 1266 divina
1465 1201 1571 1284 gratia
1593 1201 1682 1268 salus
1705 1222 1859 1269 concessa
1882 1224 2004 1269 mana-

357 1305 413 1370 bat
435 1303 476 1370 de
498 1303 640 1387 tegmine
662 1301 833 1389 pontificis,
859 1309 980 1387 quanta
1003 1303 1164 1386 quondam
1189 1303 1385 1389 profluxerat
1407 1304 1449 1370 de
1471 1304 1612 1388 tegmine
1635 1304 1859 1391 redemptorio.

236 1409 333 1478 XXII
447 1409 509 1492 (70)
536 1407 703 1473 Adiciatur
730 1406 764 1471 in
795 1407 916 1491 pagina
939 1407 1026 1489 quod
1048 1407 1097 1472 vir
1119 1414 1249 1474 sanctus
1271 1408 1409 1474 obtinuit
1430 1408 1464 1472 in
1487 1409 1564 1475 vita.
1611 1408 1696 1475 Dum
1719 1408 1888 1476 cuiusdam
1913 1409 2005 1476 Car·
2030 1431 2061 1470 ro

271 1573 276 1576 .
356 1511 500 1578 notensis
531 1509 611 1576 civis
642 1508 755 1575 domus
785 1504 831 1574 in'
845 1510 998 1576 suburbio
1021 1510 1162 1576 civitatis
1185 1511 1290 1595 posita
1313 1510 1503 1578 daemonica
1524 1511 1731 1579 infestatione
1754 1513 1886 1598 saepius
1911 1515 2008 1598 lapi-

357 1616 434 1682 dum
463 1614 567 1680 imbre
597 1619 796 1696 quateretur,
831 1612 877 1679 ita
899 1621 935 1680 ut
956 1613 1053 1679 ricini
1075 1621 1206 1699 propter
1229 1613 1422 1688 densitatem
1445 1615 1671 1699 crepitantium
1693 1622 1856 1700 petrarum
1879 1624 2005 1702 parata

355 1719 575 1801 relinquentes
598 1716 744 1783 convivia
767 1715 880 1782 domos
903 1735 979 1782 suas
1003 1717 1202 1800 effugerent,
1233 1718 1371 1783 exortati
1394 1725 1511 1783 sunta
1534 1718 1586 1784 dei
1610 1718 1748 1802 famulo,
1776 1726 1811 1784 ut
1832 1740 1955 1804 aquam
1982 1743 2005 1786 a

357 1843 392 1888 se
415 1820 619 1888 benedictam
642 1839 714 1885 curn
738 1819 841 1885 erucis
864 1819 1032 1903 signaculo
1053 1819 1133 1885 illue
1155 1821 1355 1904 porrigerent
1377 1822 1672 1906 conspergendam
1706 1823 1761 1887 ubi
1783 1822 2005 1891 daemonicae

355 1923 516 1991 illusionis
544 1924 720 1988 maximum
750 1923 892 1987 instabat
920 1921 1101 1988 ridiculum.
1158 1924 1218 2006 (71)
1247 1922 1317 2001 Quo
1346 1920 1432 1989 facto
1460 1923 1561 1990 hostis
1591 1924 1707 2009 effugit
1727 1925 1856 1991 territus
1880 1933 1916 1993 et
1938 1927 2005 1993 do·
2029 1949 2062 1988 rs

356 2029 463 2094 minus
485 2025 578 2093 aedis
601 2046 673 2092 cum
696 2025 811 2092 eadem
836 2024 931 2091 domo
954 2045 1086 2091 securus
1108 2026 1228 2092 mansit
1250 2034 1284 2092 et
1303 2025 1495 2111 intrepidus.

221 2133 336 2200 XXIII
450 2131 511 2214 (72)
537 2127 624 2194 Illud
652 2128 754 2194 etiam
781 2128 945 2212 peculiare
974 2129 1161 2195 miraculum
1193 2129 1285 2196 nobis
1315 2129 1429 2196 estad
1453 2131 1639 2197 memoriam
1662 2131 1898 2215 reducendum,
1934 2154 2006 2217 quo

355 2236 407 2300 vir
428 2240 559 2300 sanctus
581 2231 743 2296 Lcobinus
766 2230 902 2296 illustris
925 2231 1096 2316 episcopus
1118 2231 1246 2297 refulsit
1270 2233 1303 2298 in
1325 2234 1454 2318 populo.
1495 2233 1633 2312 Quidam
1657 2235 1771 2301 beatus
1793 2235 1842 2301 vir
1863 2237 2004 2303 nomine

357 2336 536 2405 Caletricus
564 2335 680 2401 nobilis
709 2354 829 2418 genere
858 2332 918 2400 sed
945 2335 1083 2400 nobilior
1112 2335 1234 2400 meritis
1263 2343 1337 2420 post
1367 2355 1536 2402 excessum
1564 2337 1652 2404 beati
1681 2337 1815 2405 Leobiui
1845 2339 2005 2407 Camotis

356 2439 551 2507 constitutus
580 2438 751 2523 episcopus
775 2437 851 2501 dum
874 2437 907 2501 in
929 2437 1113 2522 presbiterii
1136 2438 1240 2522 gradu
1263 2457 1299 2504 sc
1321 2445 1387 2504 tam
1409 2438 1444 2504 in
1467 2448 1641 2525 conspectu
1663 2441 1716 2508 dci
1738 2462 1835 2525 quam
1857 2443 1895 2507 in
1917 2463 2004 2510 ocu·
2026 2463 2060 2506 ro

356 2544 397 2609 lis
420 2541 583 2608 hominum
607 2546 720 2607 saneta
742 2540 985 2606 conversatione
1007 2540 1159 2607 redderet
1180 2548 1317 2626 gratum,
1347 2549 1438 2608 tanta
1459 2541 1654 2610 infirmitatis
1676 2546 1829 2630 angustia
1851 2554 1904 2614 est
1927 2569 2004 2614 cor-

355 2652 481 2732 reptus,
521 2652 556 2710 ut
584 2645 640 2711 vix
671 2644 782 2711 ultimo
812 2642 986 2730 palpitaret
1015 2644 1171 2710 anhelitu.
1237 2646 1296 2728 (73)
1325 2643 1426 2712 Cuius
1454 2647 1650 2713 venerabilis
1679 2668 1836 2731 germana
1865 2653 2003 2719 nomine

355 2747 574 2834 Mallcgundis
598 2748 735 2815 'directis
765 2747 918 2813 velociter
947 2747 1055 2812 missis
1086 2747 1128 2812 ad
1157 2754 1303 2814 sanctum
1327 2748 1532 2835 episcopum,
1566 2757 1601 2816 ut
1622 2750 1665 2816 ad
1688 2751 1861 2818 levandam
1885 2753 2002 2821 fratris

356 2855 407 2921 sui
431 2852 649 2919 infirmitatem
672 2849 879 2918 benedictum
903 2849 1056 2934 dirigeret
1077 2851 1195 2916 oleum.
1244 2851 1319 2936 Ipse
1341 2872 1418 2918 vero
1441 2872 1512 2918 cum
1535 2853 1606 2919 oleo
1628 2856 1915 2939 praesentabiliter
1939 2879 2002 2926 rc-

354 2958 447 3024 nicns
474 2956 638 3023 silentium
668 2954 709 3020 ab
741 2953 888 3020 omnibns
918 2954 1096 3037 postulavit
1117 2954 1243 3021 dicens:
1278 2955 1416 3022 Domine
1439 2956 1494 3038 qui
1517 2957 1624 3022 omnia
1645 2959 1748 3040 nosti,
1781 2960 1811 3024 si
1832 2959 1921 3028 hunc
1946 2963 2002 3028 fa·
2024 2980 2057 3022 rs

354 3063 477 3127 mulum
507 3067 597 3126 tuum
627 3057 785 3124 ecclesiae
814 3064 890 3123 tuae
920 3057 974 3123 vel
1001 3058 1120 3143 populo
1150 3057 1277 3124 iudicas
1304 3059 1540 3140 necessarium,
1576 3067 1630 3125 tua
1659 3062 1837 3146 opitulante
1860 3063 1997 3146 virtute,

354 3164 485 3230 restitue
515 3181 642 3228 sanum.
693 3163 755 3243 (74)
782 3162 873 3227 Tunc
901 3161 957 3227 ille
986 3181 1086 3244 aeger
1112 3161 1219 3226 statim
1250 3167 1286 3228 ut
1311 3181 1423 3228 sacras
1455 3163 1614 3229 unctionis
1637 3165 1709 3231 oleo
1731 3174 1781 3232 est
1802 3175 1997 3252 perunctus,

354 3275 463 3333 tantae
493 3265 640 3333 sanitatis
666 3264 791 3349 gratiae
818 3273 867 3330 est
895 3264 1062 3331 restitutus
1086 3284 1127 3344 ac
1148 3265 1176 3331 si
1198 3265 1320 3330 nullius
1343 3265 1540 3333 infirmitatis
1562 3267 1713 3334 molestia
1734 3288 1900 3353 nunqnam
1925 3273 2000 3338 cius

355 3371 499 3436 membra
527 3369 665 3434 fuissent
693 3368 834 3434 adtacta.
888 3369 948 3448 (75)
975 3366 1026 3432 Ad
1053 3367 1321 3453 comprobandam
1344 3376 1453 3435 autem
1477 3370 1581 3456 sancti
1604 3371 1664 3436 viri
1687 3372 1837 3438 virtutem
1860 3374 1999 3441 residua

354 3475 417 3541 olei
447 3492 522 3559 pars
544 3473 577 3538 in
599 3477 721 3538 tantam
746 3477 871 3537 constat
893 3469 1143 3556 pulchritudinis
1166 3471 1346 3544 claritatem
1370 3492 1539 3555 conversa,
1574 3480 1609 3539 ut
1632 3475 1755 3541 cunctis
1776 3476 1834 3559 qui
1855 3475 1999 3544 aderant
2022 3499 2052 3538 ro

353 3599 417 3645 non
440 3577 504 3645 olei
525 3575 610 3642 nitor
632 3575 691 3642 sed
713 3573 870 3641 christalli
893 3573 1058 3639 uideretur
1079 3575 1257 3640 clarescere
1280 3576 1448 3660 splendor,
1476 3576 1624 3643 nimirum
1648 3577 1731 3644 illud
1753 3577 1994 3663 praefigurans,

355 3688 389 3748 ut
417 3680 473 3765 qui
502 3679 628 3745 iuturus
655 3683 724 3743 erat
745 3676 917 3761 episcopus
939 3696 997 3761 per
1018 3676 1234 3743 ministerium
1258 3677 1444 3765 episcopale
1466 3679 1574 3746 oleum
1597 3680 1848 3748 consecrationis
1870 3685 1999 3749 sancti-

353 3785 465 3851 ficaret
488 3790 521 3850 et
541 3780 660 3847 divinis
681 3778 853 3846 uirtutibus
874 3799 932 3864 per
954 3779 1127 3846 caelestem
1152 3780 1294 3863 gratiam
1318 3781 1569 3866 splendesceret.

227 3887 333 3954 XXIV
449 3890 509 3970 (76)
537 3886 663 3971 Operae
693 3883 830 3968 pretium
860 3889 911 3949 ost
940 3890 973 3949 et
993 3882 1076 3948 illud
1098 3882 1227 3966 insigne
1251 3884 1438 3950 miraculum
1461 3884 1536 3951 huic
1559 3885 1649 3976 operi
1670 3885 1811 3952 inserere
1833 3888 1922 3970 quod
1945 3890 1999 3955 uir

355 3999 485 4058 sanctus
513 3988 662 4074 quamvis
689 3986 838 4052 nesciens
867 3986 993 4070 peregit
1015 3987 1048 4052 in
1071 4005 1216 4070 corpore.
1254 3987 1411 4066 ¹Quodam
1435 3996 1577 4071 temporo
1600 3986 1676 4053 dum
1700 3997 1898 4057 memoratus
1921 3993 1997 4078 epi·
2019 4015 2049 4054 ιι

355 4114 470 4180 scopus
492 4090 714 4178 parroechiam
730 4089 894 4155 Dunensis
917 4090 995 4174 pagi
1018 4108 1090 4155 cum
1114 4090 1183 4155 suis
1206 4095 1356 4175 pergeret
1378 4091 1586 4172 visitandam,
1612 4090 1681 4156 lilia
1703 4091 1799 4157 unica
1821 4093 1996 4162 cuiusdam

355 4219 395 4264 cx
423 4194 666 4283 parroechianis
695 4193 824 4258 nomine
847 4192 1027 4258 Baudolevi
1056 4212 1176 4277 genere
1207 4201 1239 4259 et
1268 4193 1384 4278 opibus
1413 4194 1560 4260 inlustris
1588 4194 1649 4259 riri
1675 4194 1721 4260 ita
1743 4195 1936 4263 vifebrium
1964 4209 1999 4267 et

354 4302 452 4385 longa
473 4297 677 4383 aegritudine
699 4297 869 4363 tenebatur
890 4295 1057 4379 adstricta,
1084 4303 1119 4362 ut
1141 4296 1207 4362 iarn
1229 4296 1397 4382 sepultura
1418 4303 1665 4382 praepararetur
1687 4317 1758 4364 oum
1781 4302 1997 4383 exequiarum

354 4424 484 4490 pompa.
547 4401 608 4484 [77)
635 4400 695 4464 Hic
724 4398 861 4465 audiens
891 4407 1036 4464 sanetum
1066 4399 1244 4466 Lcobinum
1274 4421 1316 4466 cx
1346 4400 1490 4485 proximo
1520 4401 1702 4467 venientem
1733 4403 1855 4468 concito
1887 4407 1998 4488 gradu

355 4509 424 4574 eius
453 4509 679 4592 praesentatur
709 4501 909 4588 conspectui,
943 4509 1058 4587 potens
1085 4504 1127 4568 ab
1156 4523 1195 4570 eo
1225 4523 1316 4568 suam
1339 4503 1489 4570 benedici
1511 4502 1640 4569 domum
1664 4510 1696 4569 et
1718 4511 1783 4570 tarn
1806 4505 1869 4571 sibi
1893 4528 1997 4590 quam
2018 4531 2049 4571 ιο

354 4611 422 4676 suis
444 4608 592 4676 omnibus
614 4606 763 4690 eulogias
786 4604 867 4670 dari.
920 4607 980 4689 (78)
1009 4605 1147 4671 Sanctus
1169 4605 1278 4690 itaque
1295 4606 1456 4672 Lcobinus
1479 4614 1603 4672 mature
1625 4626 1833 4691 consurgens,
1860 4609 1905 4675 ad
1921 4631 1998 4677 mc-

354 4720 510 4780 moratum
545 4709 765 4777 Baudolevum
800 4715 835 4773 ut
869 4708 1086 4793 spoponderat
1120 4709 1327 4794 perveniens,
1368 4710 1444 4776 dum
1478 4708 1701 4793 ingrederetur
1734 4709 1882 4789 domurn,
1922 4717 1999 4780 eius

354 4819 464 4904 puella
494 4837 533 4883 ea
559 4833 623 4899 qua
645 4811 843 4897 gravabatur
864 4810 1048 4878 infirmitate
1070 4811 1105 4877 in
1128 4813 1211 4879 lecto
1235 4811 1374 4879 efficitur
1396 4818 1531 4878 mortua.
1578 4812 1669 4878 Nulli
1691 4813 1776 4878 enim
1799 4813 1890 4880 fideli
1914 4836 1999 4884 con-

355 4929 418 4989 stat
441 4921 583 5000 dubium,
610 4923 645 4983 ut
668 4936 725 5002 per
747 4914 1012 4982 resurrectionem
1035 4916 1166 5001 puellae
1188 4936 1209 4980 a
1231 4915 1364 4982 mortuis
1386 4935 1504 4982 nomen
1526 4915 1629 4981 sancti
1652 4915 1806 4981 antistitis
1829 4917 2000 4986 clarifica-

354 5032 440 5091 retur
468 5023 500 5088 in
524 5022 662 5107 populis.
716 5021 776 5103 (79)
804 5019 974 5086 Praefatus
996 5038 1136 5102 namque
1160 5019 1209 5084 uir
1230 5019 1437 5086 Baudolevus
1461 5019 1572 5084 uolens
1595 5039 1630 5084 se
1654 5017 1686 5083 in
1709 5028 1887 5104 conspectu
1911 5044 2000 5108 pon·
2021 5049 2053 5090 ιι

441 5329 536 5399 bum]
554 5332 642 5380 om.P
745 5329 773 5379 ll
794 5330 968 5380 demoniosP
1072 5331 1103 5382 16
1122 5327 1205 5399 domo]
1223 5331 1309 5380 om.l³
1413 5329 1443 5378 li
1463 5330 1585 5393 opitulare
1606 5331 1643 5392 (Pp
1755 5330 1786 5381 19
1805 5335 1936 5387 edericus
1951 5339 2000 5403 P¹,

353 5422 486 5472 caletricus
501 5416 551 5469 1³²:
574 5419 733 5468 Cbcluctcrr'ci
744 5416 898 5479 epitaphium
909 5431 933 5466 o.
949 5418 1015 5466 Fort.
1034 5416 1096 5479 Opp.
1114 5420 1136 5478 1,
1150 5433 1176 5480 p,
1191 5421 1227 5468 83
1331 5416 1364 5466 23
1383 5417 1529 5467 laniandam
1546 5417 1582 5478 (Ρ)
1692 5417 1725 5466 34
1743 5415 1825 5486 operi]
1844 5423 1934 5474 ordini
1960 5428 2002 5492 (Q)

354 5507 387 5556 35
404 5507 487 5571 pergit
508 5503 541 5564 0¹
674 5504 707 5554 36
726 5504 835 5554 dunensi
852 5503 875 5552 P
1003 5499 1089 5570 unios]
1106 5506 1193 5566 outo
1328 5503 1360 5554 38
1379 5506 1526 5570 infirmitate
1544 5509 1674 5553 teneretur
1695 5503 1715 5563 O
1853 5506 1889 5558 39
1909 5511 1961 5563 hec
1983 5517 2005 5577 Q

354 5594 387 5643 40
406 5589 489 5658 snam]
508 5590 594 5650 om.(l
699 5589 731 5638 43
751 5585 791 5656 ea]
809 5591 853 5639 llla
873 5589 894 5649 Q
998 5586 1105 5656 constat]
1124 5605 1180 5642 csse
1199 5589 1258 5642 odd.
1277 5592 1297 5652 0
1402 5591 1435 5639 tl
1456 5591 1604 5640 clarificatur
1627 5591 1665 5654 (Q)
