4536 6196
930 339 1133 397 APPENDIX.

973 667 1098 732 XXVII

924 807 1016 881 Item
1043 807 1141 881 aliud

556 975 623 1040 Huc
645 975 705 1041 tibi
730 996 786 1060 pru
810 996 933 1041 summu
957 976 1060 1042 direxi
1083 997 1215 1042 munere
1238 977 1382 1060 signum,

643 1085 678 1142 ut
700 1079 819 1163 pariter
841 1079 958 1144 fratres
981 1100 1058 1145 crux
1080 1087 1170 1163 tegat
1190 1100 1256 1144 una
1279 1080 1375 1158 du0s;

555 1180 689 1244 alternis
714 1180 836 1246 vicibus
859 1181 941 1246 baec
962 1190 1092 1266 pectora
1113 1189 1224 1248 nostra
1246 1183 1404 1264 gubernet

641 1289 674 1348 et
697 1304 863 1349 commune
888 1285 1004 1350 bunum
1027 1285 1236 1370 participetur
1257 1273 1367 1351 amors

490 1411 502 1448 u
556 1386 598 1452 ad
620 1395 652 1452 te
676 1387 804 1470 quando
827 1389 931 1468 uenit,
959 1409 1085 1455 mecum
1108 1390 1212 1472 magis
1234 1390 1298 1456 ista
1320 1390 1477 1466 manebit;

642 1492 715 1575 plus
738 1491 815 1555 nrihi
839 1491 998 1576 proficiet,
1025 1512 1095 1557 cunr
1119 1502 1176 1558 tua
1199 1493 1296 1558 corda
1317 1500 1416 1558 tenet.

556 1593 600 1660 sit
621 1595 717 1659 huius
740 1595 865 1679 species
887 1596 972 1661 intra
994 1603 1049 1660 tua
1072 1596 1196 1662 viscera
1219 1616 1361 1681 semper,

642 1705 717 1763 tunc
738 1699 783 1763 ibi
807 1707 994 1784 perpetuam
1018 1699 1164 1765 Christus
1187 1700 1320 1766 habebit
1342 1721 1445 1785 opem.

556 1802 590 1866 iu
614 1821 708 1867 cruce
732 1811 858 1868 sacrata
881 1804 936 1884 qui
958 1810 1034 1868 tunc
1056 1804 1174 1889 pietate
1198 1804 1369 1889 pependit,

644 1904 724 1969 haec
746 1905 804 1970 tibi
829 1927 900 1970 curn
924 1905 1059 1990 pendet,
1088 1906 1223 1990 porrigit
1244 1907 1300 1973 ille
1323 1928 1464 1972 manum.

558 1999 758 2072 ccrnrnunem
782 2017 920 2074 matrem¹
940 2009 1122 2075 venerando
1146 2030 1223 2074 voce
1248 2011 1369 2088 saluar,

645 2131 728 2192 quae
752 2119 882 2176 maneat
903 2112 995 2176 vobis
1018 2113 1201 2177 consociata
1224 2112 1290 2177 diu.

966 2406 1107 2472 XXVIII

930 2546 1021 2620 Item
1047 2547 1145 2621 aliud

560 2715 673 2781 Dulcis
695 2716 803 2801 opima
826 2716 962 2798 decens,
989 2715 1039 2781 cui
1062 2722 1153 2781 tanta
1175 2723 1225 2782 est
1247 2736 1323 2782 cura
1346 2715 1482 2798 laboris,

646 2827 681 2884 ut
703 2820 762 2885 tibi
786 2820 829 2884 sit
851 2819 977 2884 modico
1000 2819 1122 2883 semine
1146 2839 1264 2902 magna
1286 2839 1398 2904 seges,

559 2942 643 3005 quae
665 2922 760 2988 ruodo
787 2922 930 2987 membra
953 2921 1057 2987 libens
1080 2921 1216 3004 fugitive
1238 2931 1380 3006 tempore
1402 2922 1527 3000 lassas,

647 3046 717 3091 curn
741 3027 867 3092 Christo
890 3025 1018 3090 dabitur
1040 3025 1261 3110 perpetuanda
1283 3025 1386 3108 quies.

565 3127 719 3210 {dextra}
748 3129 802 3194 ubi
825 3148 941 3213 nempe
964 3147 1060 3212 paras
1083 3128 1229 3193 sudando
1252 3129 1412 3195 sororibus
1435 3149 1545 3211 escas,

648 3232 742 3297 undis
766 3239 798 3296 et
819 3230 958 3296 flammis
981 3231 1055 3295 hinc
1077 3231 1177 3314 figet,
1204 3231 1280 3297 iude
1303 3231 1401 3298 calet:

560 3334 703 3400 assiduis
726 3336 809 3400 votis
830 3334 915 3400 inter
936 3341 993 3399 tua
1015 3334 1148 3400 brachia
1171 3334 1281 3400 volvor

646 3445 742 3521 atque
766 3457 854 3504 meua
877 3437 1002 3502 animus
1025 3437 1152 3503 sarcina
1174 3445 1282 3503 vestra
1303 3438 1389 3505 terit.

560 3562 646 3607 nunc
668 3541 817 3606 faciendo
839 3541 927 3606 fucos
950 3540 1128 3625 epulasque
1152 3543 1319 3625 coquendo
1342 3542 1495 3624 recurris,

647 3665 706 3710 nec
729 3644 822 3710 vulco
845 3651 980 3710 matrem
1003 3645 1123 3730 quippe
1145 3645 1257 3711 iuvare
1280 3646 1384 3732 piger.

560 3747 629 3813 filia
645 3748 713 3813 sed
735 3755 838 3833 portet
861 3767 1015 3832 praesens
1037 3767 1117 3813 onus
1140 3769 1233 3814 crnne
1255 3749 1399 3814 vicissim

648 3859 680 3916 et
702 3850 818 3916 reddat
842 3850 969 3936 pondus
992 3851 1214 3937 participando
1237 3853 1319 3917 leve.

561 3954 617 4019 det
639 3955 697 4019 tibi
720 3954 876 4020 auxilium
899 3953 1011 4018 mundi
1032 3962 1197 4039 reparator
1219 3955 1363 4038 utrisque

647 4042 744 4139 atque
768 4057 823 4122 diu
848 4058 968 4140 pariter
990 4057 1074 4123 hanc
1097 4058 1233 4124 foveatis
1256 4079 1361 4144 opem.

983 4334 1096 4399 XXIX

934 4473 1025 4547 Item
1053 4472 1151 4548 aliud

563 4644 732 4727 Pergimus
754 4642 897 4709 inclusas
919 4663 939 4707 a
960 4641 1088 4726 gurgite
1111 4663 1240 4708 cernere
1262 4650 1380 4724 terras,

649 4769 713 4831 qua
735 4766 837 4831 vagus
861 4747 1010 4812 Oceanus
1031 4745 1157 4828 fertque
1180 4746 1340 4830 refertque
1362 4748 1468 4828 vicar,

562 4849 712 4917 fluctibus
734 4848 874 4914 assiduis
897 4869 968 4913 cnm
992 4849 1094 4931 surgit
1116 4849 1159 4914 ad
1181 4850 1315 4916 aethera
1337 4857 1471 4936 pontus,

650 4953 712 5017 buc
735 4953 862 5020 feritate
885 4972 945 5017 sua
966 4951 1094 5018 mobilis
1116 4951 1205 5018 unda
1227 4954 1339 5035 Iatrut;

297 5215 397 5264 XXVII
503 5213 527 5262 Σ
544 5213 566 5274 s.
581 5211 627 5262 57⁰
731 5213 747 5263 2
767 5217 855 5264 Irstres
872 5218 889 5266 t.
910 5229 932 5264 e.
953 5216 1041 5277 Aqnea
1058 5220 1081 5263 et
1099 5215 1265 5264 Fortunatam
1368 5212 1442 5284 crux]
1460 5231 1520 5265 crus
1627 5217 1659 5267 Id
1677 5219 1764 5279 pandit
1784 5219 1856 5282 (pen-

228 5303 272 5350 det
289 5303 343 5350 crit.
364 5303 391 5349 In
407 5303 509 5361 pariete)
1542 5293 1543 5296 ¹

297 5386 409 5434 XXVIII
515 5385 540 5432 Σ
556 5384 579 5446 f.
600 5381 647 5432 δι”
751 5384 893 5448 3Iugttiur
998 5387 1119 5436 tdcxtra
1137 5402 1186 5438 cra.
1294 5389 1406 5438 audenda
1512 5388 1525 5436 7
1545 5389 1635 5438 scilieet
1652 5395 1681 5438 ut
1699 5407 1714 5438 u
1732 5389 1813 5439 labore
1833 5395 1855 5440 te

227 5473 366 5534 mattheum
483 5471 511 5521 II
532 5485 596 5519 onus
617 5468 772 5536 aderardus]
790 5487 828 5520 om
847 5473 942 5523 detersa
959 5477 1032 5522 tertia
1049 5476 1145 5523 linetae
1164 5489 1187 5522 nr
1206 5476 1298 5524 lincoln
1418 5473 1448 5524 12
1467 5475 1639 5538 prrIIeIpsndr
1745 5475 1775 5527 13
1793 5476 1855 5538 fort.

229 5560 271 5608 det
288 5561 347 5621 plus
451 5558 544 5608 mbrer.
564 5569 689 5605 nxrnrcrr

300 5645 384 5693 xxrx
457 5644 481 5692 n
498 5647 519 5708 s.
540 5642 588 5694 car

308 5743 435 5787 Vrusurrrr
450 5744 597 5786 Vosrvrrsrvs
1619 5749 1650 5799 37
