4344 6142
832 331 1033 388 CARMINVM
1053 327 1125 389 LIBss
1144 334 1166 390 1.

960 679 1036 744 XVI

694 813 860 913 Hymnus
886 818 930 892 de
956 803 1107 894 Leontio
1134 821 1300 918 episcopo

712 999 877 1086 Agnoscat
899 1026 991 1073 omne
1014 1009 1178 1074 saeculum

802 1109 977 1176 antistitem
999 1112 1183 1194 Leontium,

803 1212 1044 1298 Burdegolense
1066 1215 1260 1300 praemium,

803 1314 886 1381 dono
910 1335 1046 1402 superno
1070 1318 1240 1384 redditum.

612 1505 625 1543 ⁵
713 1485 875 1572 Bilinguis
897 1509 951 1554 ore
974 1489 1092 1555 callido

803 1591 923 1658 crimen
945 1593 1076 1660 fovebat
1096 1594 1259 1678 invidum,

756 1775 763 1790 Ι
803 1695 910 1760 ferens
931 1696 1081 1764 acerbum
1104 1697 1249 1765 nuntium

801 1798 886 1864 hunc
907 1799 972 1865 iam
995 1801 1164 1885 sepulchro
1189 1799 1360 1867 conditum.

712 1968 825 2037 Colore
848 1990 883 2037 se
905 1991 970 2037 non
991 1972 1123 2058 pertulit

596 2091 624 2130 ro
802 2075 857 2156 qui
880 2075 968 2142 triste
991 2077 1087 2142 funus
1110 2076 1226 2143 edidit:

803 2177 864 2243 etsi
885 2199 1000 2246 nocere
1023 2178 1135 2262 desiit,

803 2281 918 2347 insons
940 2289 1015 2348 vota
1036 2282 1186 2368 prodidit.

713 2451 877 2538 Deceptus
898 2460 966 2520 crte
987 2454 1084 2520 noxia

803 2564 931 2623 cessate
953 2556 1050 2624 deflet
1071 2558 1222 2640 crimino,

596 2678 625 2718 rs
802 2661 897 2742 dum,
923 2681 1005 2744 quoe
1027 2663 1163 2746 putebat
1183 2662 1304 2743 tristia,

805 2783 959 2830 converse
980 2771 1053 2830 sunt
1074 2765 1107 2831 in
1130 2763 1260 2849 gaudie.

714 2933 873 3021 Exempla
896 2955 995 3002 saeve
1015 2936 1164 3022 protulit,
1252 2987 1260 2994 ,.

804 3039 958 3105 calcanda
980 3046 1094 3105 cuncto
1116 3047 1275 3126 tempore,

804 3149 839 3207 ut
860 3143 925 3209 iam
948 3143 1010 3210 sibi
1032 3143 1245 3210 conscriberet

595 3264 626 3308 ro
804 3245 933 3313 decreta
954 3246 1028 3312 vivo
1050 3245 1202 3313 antistite.

715 3414 839 3484 Fucota
861 3437 912 3484 res
933 3418 1016 3484 hoec
1038 3419 1186 3504 contigit,

803 3520 943 3587 vitanda'
958 3529 1046 3588 casto
1063 3519 1213 3607 pectore,

804 3624 975 3710 superstite
998 3632 1033 3691 ut
1053 3631 1272 3709 praesumeret

803 3735 876 3814 post
897 3729 965 3796 fota
986 3728 1071 3812 quod
1093 3729 1148 3796 vix
1170 3727 1290 3796 debuit.

596 3921 625 3962 ns
714 3901 837 3969 Gravnt
858 3895 1016 3968 sacerdos
1030 3900 1174 3968 ordinem

804 4005 860 4089 qui
882 4005 1101 4091 episcopatum
1125 4004 1172 4070 sic
1193 4006 1287 4090 petit:

806 4116 978 4195 praecepta
1000 4109 1055 4191 qui
1077 4107 1301 4194 conplectitur,

806 4211 891 4297 fugit
911 4211 1040 4277 honoris
1062 4211 1227 4278 ambitum.

716 4383 790 4451 lico
811 4385 840 4450 si
863 4384 914 4450 cui
936 4383 977 4450 sit
999 4384 1159 4467 debitum,

597 4509 626 4550 oo
806 4493 935 4554 coactus
956 4487 1111 4553 ascendet
1131 4487 1283 4571 gradum:

804 4612 867 4657 non
890 4611 926 4658 sc
949 4598 1076 4677 petente
1099 4591 1231 4674 callide,

806 4693 865 4760 sed
887 4694 984 4761 dante
1007 4693 1125 4761 Christi
1148 4715 1289 4760 munere.

262 4977 320 5026 xvl
339 4974 380 5044 un]
399 4990 495 5025 venero
513 4989 564 5024 ven
582 4989 689 5024 urum
709 4975 807 5035 (rusus
819 4974 872 5034 LK,
893 4974 928 5033 cf.
942 4989 967 5024 c.
981 4973 1022 5034 85)
1044 4973 1113 5023 codd.
1133 4989 1217 5022 cerem
1235 4974 1347 5024 birrorum
1364 4977 1481 5036 octonem,
1500 4977 1611 5037 stropbuo
1628 4977 1740 5026 binorum
1758 4992 1812 5025 cer-

190 5079 265 5114 mum
282 5065 352 5114 codd.
376 5065 437 5126 (ectu
454 5063 557 5113 subinde
575 5061 696 5125 diremptu
713 5063 751 5111 oct
767 5062 845 5110 cordis
861 5063 925 5110 mute
943 5060 1027 5108 divisis
1046 5059 1106 5123 Mb)
1234 5061 1249 5110 2
1267 5063 1411 5120 sutestitem
1429 5059 1534 5123 scm,
1554 5064 1672 5111 sntestite
1690 5063 1723 5124 D,
1744 5066 1811 5111 ariti-

192 5149 311 5200 stitenB
425 5151 450 5199 :u
472 5149 487 5198 i
507 5152 601 5198 moerso
618 5148 701 5197 ordine
722 5147 781 5210 (uno
798 5149 876 5210 vanc)
897 5147 943 5196 BL
1054 5147 1069 5196 3
1088 5147 1183 5199 Burd:
1202 5148 1218 5195 d
1236 5162 1265 5196 ex
1283 5162 1299 5209 g
1320 5146 1351 5194 0¹
1466 5148 1541 5198 bore
1558 5163 1606 5198 om.
1628 5152 1650 5198 Α
1763 5154 1813 5200 cni-

192 5236 254 5284 iido:
275 5249 289 5282 c
307 5239 325 5285 t.
341 5251 389 5283 rus.
411 5251 440 5285 cx
459 5249 501 5282 um
520 5235 542 5284 L
562 5235 584 5294 tl
604 5249 638 5286 m.
657 5239 686 5282 ut
703 5233 777 5296 Μ),
797 5234 875 5282 calido
894 5233 940 5280 OD
1044 5233 1172 5282 biouerst
1194 5231 1222 5280 0¹
1326 5234 1454 5282 iterens:
1476 5236 1522 5283 rt.
1541 5249 1590 5283 rus.
1615 5236 1635 5281 C
1737 5234 1753 5285 8
1772 5253 1812 5286 se-

191 5323 323 5383 pulchrum
342 5323 391 5370 DF
498 5322 626 5372 boelus:
646 5335 660 5368 s
677 5322 693 5369 t.
714 5336 764 5370 rus.
787 5320 807 5367 0
917 5319 946 5370 id
965 5335 1034 5369 coece
1055 5319 1101 5368 GV
1203 5334 1272 5368 cesse
1288 5321 1313 5371 d.
1333 5337 1354 5369 c.
1374 5321 1434 5369 dum
1456 5319 1498 5382 0¹,
1517 5322 1578 5370 dum
1595 5335 1662 5370 ceses
1679 5323 1704 5372 d.
1725 5338 1759 5374 cr.
1779 5323 1813 5370 θ’]

197 5409 221 5462 ti.
236 5423 285 5468 mc.
300 5405 334 5469 R}
445 5407 475 5456 ib
493 5422 518 5470 q.
533 5423 560 5470 p.
573 5411 593 5456 t.
611 5407 632 5454 θ
652 5408 685 5470 (υ.
699 5406 733 5454 ud
743 5423 768 5457 c.
785 5408 823 5469 Η)
930 5408 1033 5456 tristitie
1047 5404 1106 5455 ΒΝ
1210 5405 1241 5455 18
1259 5405 1378 5469 temipore
1401 5407 1480 5467 (duob.
1494 5409 1567 5469 vero.)
1590 5408 1623 5468 M,
1645 5407 1814 5476 temese'pore

177 5495 217 5542 'D
233 5507 302 5543 truso
319 5496 363 5556 pre
385 5498 497 5554 (ceterum
514 5497 541 5543 tn
558 5493 636 5542 vertes
653 5493 814 5554 dixerpcndts
831 5508 881 5542 non
897 5497 1010 5542 convenit
1028 5497 1090 5543 inter
1110 5493 1138 5541 Μ
1153 5499 1175 5541 et
1194 5494 1233 5555 12)-
1351 5492 1381 5542 19
1399 5494 1550 5543 describeret
1568 5495 1612 5542 BL
1716 5495 1749 5545 2⁰
1767 5511 1813 5544 en-

194 5581 279 5628 teetite
293 5581 417 5628 scunt
502 5579 532 5629 21
554 5582 639 5639 tugstc
651 5580 704 5640 AC,
725 5579 842 5628 recator
928 5580 1087 5640 contingitI)
1173 5579 1205 5628 22
1224 5580 1325 5628 custod
1405 5577 1576 5644 peccsltoreD
1663 5579 1695 5629 24
1714 5583 1811 5630 fectori

193 5664 224 5715 27
247 5668 336 5731 (conpi.
354 5667 403 5728 AC)
486 5666 518 5716 28
538 5665 618 5729 fuiget
629 5665 671 5722 0¹.
686 5665 761 5726 fulgit
780 5666 799 5712 V
875 5666 907 5716 29
927 5669 947 5714 si
961 5663 1104 5734 cuisit]sic
1118 5668 1162 5715 uix
1176 5665 1200 5714 D
1278 5665 1307 5715 31
1329 5671 1430 5729 petente
1445 5665 1475 5713 01
1553 5665 1585 5714 32
1604 5666 1718 5716 sedente
1731 5667 1813 5715 AC¹D

1567 5767 1605 5818 3*
