4536 6196
1025 310 1195 366 VENANTI
1214 311 1434 368 FORTVNATI

749 504 895 563 ornatum
918 495 1077 566 ecclesiae
1099 500 1242 586 pollens,
1269 502 1421 588 diadema
1442 523 1629 586 coruscum,
1673 553 1674 556 ,

750 601 782 668 in
806 602 957 668 membris
980 603 1099 669 Christi
1123 605 1239 690 capitis
1262 607 1351 673 velut
1372 607 1476 673 infula
1498 608 1644 691 fulgens,

750 712 878 790 pectore
901 703 1116 791 belligerans,
1143 707 1370 777 adamantinus
1392 717 1460 778 arte
1483 717 1631 796 topazos,

750 808 793 874 ad
815 808 941 876 virtum
964 830 1046 895 opus
1069 831 1159 878 mens
1182 812 1374 879 inconcussa
1395 814 1585 900 palaestris,

751 912 920 996 gemmifer
941 914 1094 998 eloquiis,
1122 915 1298 982 radiantior
1319 937 1373 983 ore
1397 917 1536 1002 lapillis,

751 1014 861 1081 doctor
882 1017 1076 1100 apostolicus
1099 1038 1240 1084 vacuans
1263 1021 1385 1086 ratione
1409 1017 1589 1105 sophistas,

753 1118 903 1202 dogmate
926 1121 997 1186 luce
1020 1121 1085 1187 fide
1107 1121 1284 1189 informans
1306 1122 1423 1190 virtute
1447 1144 1614 1207 sequaces.

753 1223 899 1289 hostibus
921 1224 974 1290 hio
996 1225 1146 1308 quoniam
1169 1227 1277 1309 gravis
1299 1227 1527 1312 insuperabilis
1550 1234 1652 1310 esset,

754 1326 881 1392 ducitur
903 1327 1000 1394 exilio
1022 1349 1087 1412 qua
1110 1329 1207 1414 longa
1230 1331 1381 1397 Seleucia
1402 1331 1524 1414 tendit,
1602 1319 1604 1324 ¹

753 1430 839 1513 regis
863 1437 895 1496 et
917 1431 1038 1496 auxilio
1060 1433 1142 1517 petit
1163 1431 1239 1499 hinc
1260 1453 1320 1500 sua
1343 1435 1489 1520 praemia
1510 1435 1614 1501 miles.

753 1534 845 1600 ouius
867 1533 902 1600 in
923 1535 1076 1600 abscessu
1100 1537 1197 1602 errori
1220 1559 1306 1621 vaga
1328 1539 1437 1604 Gallia
1460 1537 1546 1604 cedit

754 1644 785 1702 et
807 1636 897 1721 regio
920 1638 1037 1704 titubat
1058 1646 1149 1705 tanta
1171 1659 1207 1706 se
1228 1646 1315 1706 turra
1338 1647 1497 1708 movente.

753 1740 815 1806 hoc
836 1741 890 1807 ubi
913 1762 1127 1827 praepropero
1150 1743 1306 1810 Martinus
1331 1744 1475 1830 conperit
1496 1744 1589 1825 inde,

754 1844 917 1911 constitnit
938 1846 1053 1911 cellam
1077 1848 1136 1912 sub
1160 1847 1278 1914 vertice
1301 1847 1497 1930 Mediolani,

754 1948 879 2032 expulit
900 1949 985 2015 unde
1008 1949 1110 2014 virum
1132 1956 1201 2016 tum
1224 1952 1405 2018 Auxentius
1428 1959 1539 2018 auctor
1560 1951 1701 2036 iniquus.

840 2051 923 2118 Hinc
944 2052 1018 2136 pins
1040 2043 1208 2120 exnl‘adit
1229 2074 1294 2138 qua
1317 2055 1499 2121 Gallinaria
1519 2062 1627 2138 turget

753 2155 877 2238 insula,
903 2154 1007 2239 frugis
1028 2155 1137 2241 inops,
1163 2176 1303 2242 pascens
1325 2158 1492 2225 radicibus
1514 2159 1644 2225 herbae.

755 2279 831 2342 ergo
854 2265 1047 2324 venenatum
1070 2259 1269 2326 helleborum
1293 2281 1366 2327 mox
1389 2262 1528 2347 sumpsit
1548 2264 1590 2328 ab
1613 2283 1683 2345 ore,

753 2361 867 2447 incipit
887 2361 964 2429 inde
986 2363 1067 2428 mori
1088 2384 1153 2446 qua
1174 2364 1283 2430 vivere
1305 2365 1443 2431 credidit
1464 2366 1557 2430 escis.

755 2466 815 2531 sed
836 2485 936 2550 grave
958 2465 1047 2532 virus
1068 2486 1170 2550 agens
1194 2467 1295 2534 oratio
1317 2469 1388 2534 sola
1410 2467 1536 2552 fugavit

755 2576 788 2635 et
809 2569 939 2635 vivente
959 2569 1028 2634 viro
1050 2569 1135 2635 intra
1157 2590 1192 2636 se
1215 2589 1275 2636 ena
1296 2578 1422 2637 mortua
1444 2591 1528 2637 mors
1551 2577 1610 2638 est.

841 2673 964 2739 Rursus
986 2678 1022 2738 ut
1042 2672 1167 2740 Hilario
1189 2673 1346 2740 redeundi
1368 2682 1418 2741 est
1440 2695 1533 2741 cessa
1555 2675 1710 2758 facultas,

756 2775 895 2842 excurrit
916 2789 1072 2861 properus
1096 2795 1157 2842 suu
1179 2785 1252 2862 post
1273 2777 1412 2861 vestigia
1434 2778 1548 2844 iustus.

757 2879 879 2964 excipit
901 2879 954 2945 bic
977 2877 1130 2964 cupidum
1153 2881 1286 2965 cupiens
1308 2887 1341 2947 et
1362 2888 1486 2947 amator
1508 2888 1669 2948 amantem

757 2983 854 3067 fitque
876 2983 1104 3049 monasterinm
1127 2983 1261 3049 Pictava
1282 2984 1459 3050 comminus
1480 2986 1572 3050 urbe.

756 3085 899 3170 iungitur
919 3085 996 3153 inde
1018 3104 1111 3151 sacro
1133 3086 1382 3154 catechumenus
1403 3108 1458 3153 ore
1480 3086 1661 3169 docendus,

657 3207 703 3249 roo
757 3195 852 3273 atque
874 3189 1008 3256 absente
1030 3186 1099 3255 viro
1121 3188 1227 3274 rapuit
1248 3210 1348 3274 grave
1370 3190 1467 3257 funus
1491 3190 1642 3257 amicum.

525 3414 597 3476 Sulp.
618 3416 674 3465 Sco.
699 3417 727 3464 V.
748 3414 784 3464 M.

423 3555 536 3603 discessu
554 3554 634 3601 sancti
653 3552 743 3616 Hilari,
765 3553 888 3614 quemad
907 3553 1014 3601 exilium
1034 3553 1214 3602 baereticorum
1233 3555 1271 3602 sis
1289 3559 1410 3616 coegerat,
1434 3554 1558 3603 turbatam
1577 3555 1707 3603 ecclesiam
1726 3556 1896 3616 comperisset,
1916 3554 2061 3602 Mediolani

422 3641 471 3688 sibi
489 3640 670 3688 monasterinm
688 3641 785 3689 statuit.
822 3641 862 3688 ibi
880 3653 980 3701 quoqne
997 3653 1053 3687 aum
1072 3640 1227 3703 buxentina,
1249 3648 1363 3689 auctor
1380 3647 1407 3689 et
1424 3641 1541 3703 princeps
1560 3641 1729 3702 Arrianomm,
1751 3641 1896 3701 gravissime
1914 3640 2062 3689 insectatus

423 3730 471 3786 eat,
491 3725 628 3786 multisque
647 3725 775 3774 adiectum
794 3727 897 3774 iniuriis
915 3726 946 3774 de
964 3726 1066 3774 civitate
1083 3726 1237 3776 exturbavit.

493 3813 518 3872 6,
541 3813 556 3860 5
581 3810 727 3860 (ledendum
745 3812 832 3874 itaque
851 3813 957 3873 tempori
975 3812 1110 3860 arbitratus
1129 3813 1160 3860 ad
1177 3812 1301 3871 insulam,
1321 3815 1361 3861 cni
1381 3811 1516 3860 Gallinaria
1534 3825 1624 3860 nomeu
1643 3817 1696 3875 est,
1718 3814 1824 3860 secessit
1840 3813 1930 3860 comite
1948 3812 2062 3872 quodam

426 3899 580 3960 presbytero,
601 3911 747 3958 magnarum
764 3897 888 3946 virtutum
906 3900 968 3946 viro.
1006 3899 1048 3947 bic
1066 3898 1221 3960 aliquamdiu
1240 3899 1364 3948 radicibus
1382 3899 1449 3947 sinit
1465 3900 1610 3948 herbarum:
1632 3913 1681 3960 quo
1699 3903 1810 3959 tempore
1828 3897 1993 3960 helleborum,
2016 3913 2065 3947 re-

423 3989 559 4044 nouatum,
580 3987 610 4031 ut
628 3984 727 4046 ierunt,
749 3997 859 4044 maman,
880 3985 908 4033 ln
926 3985 1011 4032 cibum
1030 3987 1147 4046 sumpsit.
1189 3986 1220 4047 (6)
1243 3985 1289 4036 aad
1306 3999 1363 4034 oum
1380 3987 1433 4033 rim
1450 3986 1542 4033 ueneni
1560 3986 1588 4032 in
1606 3998 1633 4032 se
1652 3985 1786 4043 grassantia
1805 3983 1956 4031 vicinalem
1976 3989 2063 4034 morte

425 4071 556 4131 sensisset,
576 4069 714 4118 imminens
732 4069 871 4132 perieulum
890 4071 999 4120 oratione
1017 4072 1113 4132 repulit
1131 4073 1266 4133 statimque
1284 4072 1365 4120 omnia
1384 4071 1453 4119 dolor
1471 4071 1572 4130 iugatna
1590 4076 1637 4119 eat.

493 4158 518 4215 6,
540 4158 555 4204 7
574 4155 625 4203 Nea
643 4156 721 4203 multo
739 4160 805 4218 post,
826 4169 883 4204 eum
895 4163 981 4206 sanato
994 4158 1090 4206 Hilario
1103 4159 1268 4220 comperisset
1281 4159 1346 4218 regis
1358 4157 1515 4218 paenitentia
1527 4160 1676 4218 potestatem
1688 4155 1815 4204 indultam
1828 4155 1908 4203 fuisse
1921 4153 2062 4216 redeundi,

424 4245 515 4291 Romae
534 4243 557 4290 ei
576 4242 711 4303 temptavit
728 4254 857 4291 occurrere
874 4244 1052 4306 proiectusque
1070 4244 1100 4292 ad
1120 4246 1207 4293 urbem
1225 4249 1273 4293 est.
1315 4243 1347 4306 (7,
1371 4245 1394 4304 i)
1416 4256 1473 4291 cnm
1491 4243 1540 4290 iam
1559 4242 1672 4289 Hilarius
1691 4242 1861 4302 praeterisset,
1884 4241 1920 4287 ita
1939 4254 2000 4288 eum
2020 4249 2065 4290 est

425 4328 539 4390 vestigiis
556 4333 720 4391 prosecutus:
741 4342 850 4391 cumque
867 4331 898 4378 ab
916 4341 945 4378 eo
963 4332 1104 4390 gratissima
1123 4331 1215 4378 fuisset
1233 4336 1381 4392 susceptus,
1401 4329 1464 4376 haut
1481 4329 1553 4388 longe
1572 4327 1620 4375 sibi
1639 4327 1668 4374 ab
1687 4327 1778 4389 oppido
1796 4326 1978 4374 monasterinm
1998 4340 2064 4375 oon-

425 4417 524 4465 locarit.
556 4427 605 4477 quo
624 4419 734 4477 tempore
752 4429 779 4464 se
798 4416 822 4462 ei
840 4417 942 4478 qnidam
960 4417 1155 4465 catechumenus
1172 4418 1268 4478 iunxit,
1289 4417 1394 4477 cupiens
1412 4415 1567 4462 sanctissimi
1585 4413 1633 4461 riri
1652 4414 1754 4461 institui
1772 4411 1925 4473 disciplinis:
1955 4415 2065 4472 paucis-

425 4495 476 4565 que
499 4502 655 4564 interpositis
679 4502 772 4550 diebus
794 4502 912 4562 languore
935 4509 1063 4566 correptus
1087 4504 1113 4550 ri
1137 4503 1247 4564 febrium
1270 4502 1404 4550 laborabat.
1444 4500 1479 4563 (2)
1501 4514 1529 4548 ae
1546 4504 1601 4548 turn
1618 4497 1742 4546 hiartinua
1760 4499 1824 4546 torte
1842 4497 2006 4545 discesserat:
2037 4506 2067 4547 et

497 4846 545 4896 135
563 4847 640 4896 uelud
660 4847 707 4896 ΡΝ
802 4849 886 4897 insula
906 4848 929 4895 N
1034 4845 1250 4908 respectarem
1348 4843 1519 4891 adamantinos
1533 4841 1610 4890 abia
1701 4845 1804 4901 topazus
1824 4834 1857 4885 11²
1967 4838 2017 4888 137
2040 4848 2068 4890 at

425 4937 453 4997 F,
475 4935 518 4983 atd
536 4939 657 4995 capaneia
676 4933 692 4982 d
712 4933 740 4981 M
847 4933 1007 4983 resonans
1027 4935 1055 4994 F,
1077 4932 1211 4981 uacuasB
1318 4928 1366 4978 149
1384 4927 1556 4976 infirmansN
1662 4923 1709 4974 142
1728 4938 1776 4972 om.
1793 4924 1908 4984 l'apotio
1926 4927 2017 4974 relicto
2038 4929 2068 4976 isa

426 5037 473 5083 quo
491 5035 575 5069 anana
594 5026 671 5069 este.
693 5025 743 5072 143
848 5022 943 5069 salucia
961 5018 990 5068 8¹
1097 5018 1145 5067 143
1164 5018 1243 5066 exilio
1263 5015 1298 5063 P‘2
1403 5017 1429 5062 in
1449 5012 1645 5075 Nfinits.iti
1667 5008 2067 5072 [qaas.n1x),aoaesmmea

426 5109 448 5170 f.
464 5112 514 5158 148
532 5109 662 5157 continens
680 5123 703 5155 v.
722 5109 855 5156 itt—197
864 5124 872 5164 ,·
892 5109 955 5154 inter
972 5105 994 5165 f.
1010 5107 1059 5154 147
1072 5109 1095 5152 et
1107 5107 1157 5152 149
1176 5106 1294 5152 insertam
1311 5107 1346 5150 sat
1358 5101 1449 5162 duplex
1461 5101 1551 5162 solium
1562 5100 1687 5146 continens
1704 5111 1744 5144 uu.
1762 5097 1897 5144 itt—178
1914 5109 1996 5144 manu
2010 5114 2068 5148 ason

425 5197 531 5244 muitum
546 5197 628 5255 prima
645 5195 776 5242 meantime
793 5195 896 5252 scriptos
1003 5190 1050 5238 145
1069 5194 1134 5238 torre
1146 5175 1192 5249 ΡΨ,
1214 5202 1281 5237 corre
1295 5187 1317 5234 N
1421 5184 1470 5234 146
1488 5196 1659 5247 praepsapere
1672 5180 1702 5229 Ρ1
1716 5195 1779 5229 corr.
1796 5178 1835 5241 1²¹,
1856 5193 1977 5242 praepone
1991 5182 2028 5230 L¹

429 5282 550 5344 (conperit
570 5280 623 5340 PT)
733 5277 780 5328 147
800 5292 848 5327 om.
864 5276 887 5323 P
991 5275 1038 5325 148
1058 5276 1118 5325 inde
1139 5275 1170 5322 Τί
1185 5281 1253 5338 (corr.
1268 5273 1308 5335 ni)
1322 5274 1350 5335 F,
1371 5271 1450 5320 ulnde
1470 5269 1498 5317 ni
1600 5268 1750 5317 ancxentins
1770 5265 1804 5325 N,
1825 5267 1945 5312 suentiua
1965 5266 2030 5314 BL¹

426 5372 528 5430 iniquos
548 5368 579 5427 N,
605 5367 703 5428 iniquis
721 5363 792 5413 BNS
898 5361 994 5416 1491x
1015 5363 1046 5422 N,
1066 5374 1117 5409 r11r
1136 5360 1170 5421 N,
1191 5373 1229 5408 mr
1248 5359 1293 5406 PT
1397 5371 1431 5404 us
1450 5367 1612 5403 nnesarrnao
1630 5352 1655 5400 N
1745 5347 1828 5398 ¹exsul
1848 5349 1876 5396 Μ
1981 5357 2072 5416 turgis

429 5451 516 5506 NTP²
630 5451 676 5501 151
698 5451 840 5500 beleborum
860 5447 936 5497 BLN
1046 5447 1216 5508 sort.adora
1340 5441 1388 5492 152
1407 5442 1507 5504 qniaT
1620 5437 1668 5487 155
1687 5449 1738 5485 vrri
1759 5437 1779 5482 T
1800 5440 1855 5496 (om.
1873 5435 1973 5498 PNM),
1995 5446 2070 5499 apat,

425 5559 481 5595 noe.
502 5544 525 5590 N
627 5553 661 5586 nn
679 5550 841 5586 carucrssruo
863 5536 886 5583 N
991 5533 1038 5583 158
1058 5535 1130 5596 sique
1149 5533 1315 5580 monasterius
1335 5530 1358 5577 N
1460 5528 1555 5590 piotani
1575 5522 1611 5571 Fi
1713 5521 1814 5570 orbeN
1920 5519 1971 5570 159
1991 5532 2071 5576 eate-

427 5624 579 5694 chumenua]
597 5626 763 5675 caticuminus
782 5623 850 5672 codd.
875 5623 1026 5684 (eatuminus
1047 5621 1076 5681 T)
1181 5624 1235 5680 post
1256 5617 1304 5666 159
1323 5621 1385 5678 spat.
1406 5628 1459 5662 vac.
1484 5617 1494 5660 i
1515 5625 1576 5660 cers.
1601 5611 1620 5656 F
1724 5607 1771 5658 169
1790 5612 1864 5669 etque
1885 5605 1907 5654 N
