4336 6262
849 320 942 376 VITA
960 319 1099 377 SANOTI
1117 273 1324 377 nunnoni
1849 325 1889 387 73

258 520 382 578 ternam
412 512 554 596 requiem
577 519 743 597 praestare
767 508 969 594 dignaretur,
1003 519 1162 594 quatenus
1186 513 1240 596 qui
1263 513 1376 598 templi
1399 511 1468 578 eius
1492 512 1599 596 spatia
1621 511 1755 578 devotus
1778 518 1891 578 exten-

259 615 340 682 dens
374 614 416 681 ad
450 615 581 680 excelsa
614 613 737 698 fastigii
770 614 913 698 tigmena
947 621 1134 700 sumptuoso
1164 614 1279 681 decore
1309 614 1475 701 produxit,
1514 614 1627 681 eodem
1655 614 1886 696 intercedente,

260 726 388 786 servato
416 719 555 786 culmine
582 718 665 802 regii
695 717 912 800 deadematis,
946 717 1199 804 praetendantur
1221 727 1349 804 sceptra
1371 717 1480 802 regiae
1503 718 1672 804 potestatis
1695 738 1734 785 ac
1757 717 1890 803 perinde

260 821 433 889 medellam
462 822 590 907 populis
619 840 798 906 pacemque
828 821 948 886 tribuat
978 821 1151 903 universis,
1185 822 1328 888 conferat
1356 823 1453 888 etiam
1483 842 1541 906 pro
1563 821 1757 889 delectorum
1780 821 1891 888 indul-

227 926 370 1010 sgentia
403 925 525 992 cunctis
558 925 712 1009 generale
742 924 938 1010 praesidium
968 926 1023 1007 qui
1054 925 1196 1008 speciale
1223 925 1449 992 sollemnitatis
1479 944 1558 991 suae
1587 924 1706 991 mundo
1733 924 1893 1010 praestitit

259 1036 489 1110 ornamentum,
517 1029 569 1094 eni
592 1035 642 1095 est
664 1029 765 1094 honor
787 1035 819 1094 et
841 1028 955 1112 gloria,
981 1029 1054 1094 laus
1078 1035 1110 1094 et
1131 1029 1299 1114 imperinm
1323 1048 1381 1114 per
1396 1035 1511 1094 cuncta
1527 1029 1658 1095 saecula
1677 1029 1889 1094 sacculorum.

258 1133 374 1198 Arnen.

351 1237 413 1321 (38)
440 1236 670 1300 Forrrvuarvs
694 1234 873 1320 praesbiter
895 1235 1064 1320 conposuit
1085 1234 1167 1301 haec
1189 1235 1256 1301 vita
1279 1234 1332 1300 rel
1355 1240 1446 1300 acius
1469 1235 1572 1300 sancti
1594 1234 1752 1302 Medardi.

762 1933 897 2031 viuri
930 1932 1124 2031 saucii
1156 1933 1387 2032 tuccini.

212 2186 241 2225 ro
352 2167 391 2249 (l)
427 2166 530 2250 Igitur
561 2165 766 2231 beatissimus
796 2163 958 2230 Leobinus
986 2163 1202 2246 Pictavornm'
1225 2165 1312 2231 urbis
1345 2164 1501 2250 indigena
1534 2164 1643 2249 dignis
1674 2165 1779 2230 extitit
1807 2159 1933 2231 ortusI

260 2269 469 2354 parentibus,
503 2270 619 2353 quibus
648 2273 757 2334 tantae
784 2267 975 2333 humilitatis
999 2266 1167 2333 devotione
1190 2287 1225 2333 se
1248 2267 1408 2350 subdidit,
1442 2275 1477 2334 ut
1497 2269 1535 2338 in¹
1553 2268 1691 2354 pueritia
1712 2268 1896 2352 primaevae

261 2372 378 2438 actatIs
408 2373 533 2456 positus
563 2391 622 2456 per
649 2371 710 2437 hoc
741 2370 902 2437 diceretur
932 2370 1056 2438 meritis
1086 2372 1293 2456 approbatus.
1346 2371 1386 2454 (2)
1413 2371 1475 2438 Hic
1495 2372 1599 2438 bonae
1621 2370 1739 2437 indolis
1761 2370 1794 2435 in
1817 2370 1896 2437 ado-

260 2475 416 2542 lescentia
443 2474 577 2556 florens,
612 2474 839 2541 discendarum
871 2495 960 2540 amor
988 2474 1167 2540 litterarum
1199 2475 1269 2544 eius
1292 2475 1482 2541 versabatur
1503 2475 1535 2540 in
1558 2480 1704 2560 pectore,
1738 2481 1773 2540 ut
1794 2473 1896 2540 sancti

260 2579 391 2664 spiritns
414 2580 519 2664 gratia
542 2579 634 2663 quasi
659 2579 793 2645 caelesti
817 2579 903 2645 nube
926 2578 1160 2658 circumdatus,
1198 2578 1272 2644 dum
1296 2579 1395 2646 boves
1419 2586 1563 2645 servaret
1585 2579 1619 2644 in
1640 2576 1785 2663 pascuis,
1820 2597 1897 2644 con-

213 2701 241 2741 ιι
259 2681 335 2765 tigit
356 2690 392 2749 nt
413 2682 659 2766 Noidgelinsem
682 2682 876 2747 monachum
900 2681 963 2747 sibi
985 2680 1114 2746 obvium
1138 2680 1365 2766 deprecaretur
1388 2681 1513 2748 litteras
1536 2681 1597 2746 sibi
1614 2680 1795 2770 discendas
1818 2681 1898 2746 scri-

260 2784 346 2848 bere.
395 2783 457 2862 Qui
478 2804 550 2850 curn
574 2805 639 2850 uon
661 2785 796 2850 haberet
820 2783 940 2851 codicis
963 2791 1020 2849 aut
1041 2784 1223 2849 tabularum
1247 2783 1515 2868 supplementum,
1547 2790 1641 2868 prout
1663 2783 1766 2868 potuit
1787 2783 1896 2869 apices

260 2887 294 2950 iu
325 2885 454 2970 cingulo
484 2887 624 2971 scripsit.
675 2888 716 2970 (3)
744 2885 838 2963 Quod
860 2887 970 2970 utique
993 2886 1201 2970 praesagium
1225 2885 1356 2952 divinae
1377 2886 1508 2970 pietatis
1532 2885 1675 2952 misterio
1697 2893 1804 2952 actum
1827 2904 1897 2953 cre-

260 2986 385 3068 dimus,
418 2995 453 3055 ut
480 2989 536 3073 qui
568 2990 678 3056 multis
708 2996 777 3054 erat
806 2989 993 3074 profuturus
1023 2989 1067 3054 ad
1096 2989 1280 3073 exemplum
1312 2989 1485 3070 castitatis,
1520 2989 1591 3074 ipse
1614 2989 1791 3055 caelibatus
1815 3009 1897 3056 zona

260 3090 476 3158 circumdatus
507 3091 655 3159 candoris
684 3091 786 3157 instar
816 3091 989 3176 fraglantia
1018 3091 1079 3157 lilii
1109 3091 1194 3158 circa
1224 3110 1318 3158 renes
1348 3091 1483 3158 haberet
1511 3091 1675 3175 cingulum
1707 3091 1823 3158 litteris
1846 3093 1897 3157 in-

211 3214 241 3256 co
262 3193 415 3278 scriptum
445 3195 603 3262 veritatis.
655 3197 696 3280 (4)
725 3195 843 3261 Postea
872 3215 948 3260 vcro
976 3215 1048 3261 cnm
1072 3202 1166 3280 pater
1186 3194 1370 3261 huiusmodi
1393 3194 1583 3261 ariditatem
1606 3193 1752 3261 discendi
1774 3195 1808 3259 in
1830 3193 1896 3262 filio

260 3297 483 3382 comperisset,
519 3298 700 3364 litterarum
729 3299 835 3364 lineas
866 3297 900 3363 in
930 3298 1050 3364 tabulis
1079 3297 1149 3364 fieri
1178 3298 1336 3378 decrevit,
1373 3298 1424 3364 cui
1454 3304 1577 3364 mutum
1601 3297 1718 3363 exinde
1741 3299 1896 3383 processit

261 3399 414 3480 studium,
449 3408 482 3466 ut
511 3408 680 3484 utrumqne
710 3402 833 3485 qariter
862 3409 988 3486 ageret,
1023 3401 1175 3469 videlicet
1203 3409 1238 3468 ut
1260 3408 1292 3468 et
1314 3401 1504 3467 laborationi
1527 3401 1690 3468 insisteret
1711 3409 1744 3468 ei
1765 3401 1896 3467 lectioni

260 3523 390 3588 operam
423 3503 529 3570 daret:
564 3504 611 3571 sic
638 3505 723 3571 inter
752 3505 880 3572 colendi
902 3505 1089 3572 instantiam
1113 3513 1145 3571 et
1167 3505 1298 3589 legendi
1322 3505 1535 3589 frequentiam
1559 3504 1707 3571 sedulum
1732 3504 1897 3571 dividebat

260 3605 412 3673 officium.
470 3608 509 3690 (5)
537 3607 597 3672 His
627 3608 747 3693 quippe
777 3608 903 3675 duobus
932 3609 1057 3675 actibus
1086 3608 1380 3694 praefigurabatur,
1417 3615 1452 3673 ut
1480 3629 1538 3693 per
1568 3608 1786 3692 agriculturae
1816 3627 1896 3693 opus

210 3710 445 3776 inobedientia
479 3717 628 3777 strenuus
663 3711 788 3777 futurus
817 3711 1015 3778 indicaretur
1044 3711 1219 3778 monachus
1249 3718 1281 3778 et
1309 3731 1368 3797 per
1397 3710 1544 3777 discendi
1573 3709 1713 3776 studium
1743 3717 1896 3777 venturus

346 4023 361 4072 8
382 4025 486 4074 Fortun.
509 4038 587 4074 eorm.
609 4024 647 4086 11,
671 4027 711 4085 16,
734 4026 800 4073 165:

745 4111 817 4172 haec,
839 4112 893 4173 ple,
912 4124 992 4173 pauca
1010 4112 1093 4159 ferens
1112 4124 1157 4172 ego
1175 4111 1329 4160 Fortunatus
1348 4123 1431 4158 amore

813 4198 938 4246 auxillum
958 4211 1047 4260 posco:
1069 4197 1101 4246 da
1119 4197 1182 4246 mihi
1201 4201 1267 4258 rota,
1288 4210 1380 4259 precor.

348 4486 499 4549 ldigoetur
519 4485 564 4535 M²
668 4492 803 4540 extendias
824 4490 861 4538 ia¹
981 4490 1137 4554 iperduxlt
1156 4487 1199 4536 Μ’
1313 4490 1413 4550 arogis
1433 4488 1479 4552 Ml,
1501 4489 1592 4552 regalis
1612 4485 1653 4536 11Ξ
1770 4489 1896 4537 leniuit

260 4571 296 4618 111Ι
427 4569 484 4640 pro]
504 4571 594 4632 M²0P
680 4589 682 4592 ’
721 4577 896 4637 indulgentiae
914 4578 1030 4638 generale
1050 4575 1081 4634 0¹
1222 4576 1366 4638 5spacialc
1386 4574 1413 4622 tl
1542 4571 1646 4641 mundo]
1664 4588 1713 4624 cm.
1731 4573 1761 4634 0,
1781 4573 1855 4622 hodie
1875 4573 1898 4620 P

258 4657 274 4706 6
292 4659 333 4706 cui
351 4685 386 4694 -
404 4658 418 4706 1
438 4656 526 4727 amen]
545 4660 604 4724 ΜΒ,
624 4664 779 4712 caelebratur
795 4663 850 4712 dies
869 4664 960 4712 natalis
979 4664 1034 4712 eins
1053 4667 1126 4711 sexto
1144 4657 1201 4712 idda
1218 4663 1312 4712 lunias.
1345 4667 1466 4723 regnante
1484 4661 1534 4710 duro
1553 4664 1585 4710 nd
1603 4661 1649 4709 ihr’r
1665 4661 1717 4723 x'po
1734 4661 1775 4710 cni
1794 4666 1834 4709 ast
1850 4660 1895 4709 ho-

259 4757 303 4792 nor
320 4749 347 4793 et
364 4746 442 4805 gloria
459 4748 485 4794 lu
505 4749 589 4796 secula
607 4749 758 4799 seculorum.
791 4762 864 4798 amen
885 4750 1001 4811 (explicit
1019 4750 1073 4798 nita
1091 4749 1127 4796 sm
1145 4749 1256 4798 medardi
1275 4746 1335 4798 cdd.
1354 4744 1394 4810 0²)
1418 4746 1453 4810 0,
1481 4761 1546 4810 quas
1569 4753 1660 4797 cuncta
1683 4746 1815 4810 praeconia
1836 4752 1896 4795 sunt

257 4843 308 4878 uon
330 4831 402 4879 modo
420 4833 476 4880 eius
494 4833 539 4895 qni
557 4836 668 4897 accepit,
695 4841 725 4884 nt
743 4834 836 4896 dignus
858 4835 963 4898 (accepit
980 4835 1101 4897 indignos
1120 4834 1151 4896 11)
1172 4848 1216 4896 pro
1235 4835 1307 4884 nobis
1326 4835 1474 4895 suffragator
1490 4834 1605 4894 assistat,
1629 4831 1672 4881 sed
1691 4835 1776 4895 potins
1794 4837 1895 4881 sanctas

257 4921 284 4963 et
301 4918 476 4980 inseparabilis
494 4919 617 4969 trinitatis
639 4911 749 4984 (trinitas
768 4920 811 4984 lt),
833 4924 875 4971 cui
893 4927 933 4971 ast
955 4923 1035 4982 (culus
1054 4921 1085 4981 11)
1105 4921 1185 4971 honor
1202 4927 1229 4970 at
1246 4926 1371 4983 potestas,
1393 4922 1477 4969 uirtus
1496 4926 1522 4970 et
1539 4921 1688 4982 imparium,
1709 4919 1766 4966 lana
1783 4923 1810 4966 et
1827 4919 1895 4966 iubi-

257 5001 317 5049 latio
335 5002 362 5050 in
380 5004 449 5051 omni
461 5009 536 5065 geute
550 5005 634 5067 (genta
646 5022 697 5058 om.
712 5006 755 5068 itt,
776 5008 829 5057 ioco
848 5015 874 5057 et
892 5013 1004 5071 tempora
1021 5013 1047 5056 et
1065 5021 1110 5071 per
1126 5009 1226 5056 infinita
1244 5009 1343 5057 saecula
1361 5007 1525 5057 saeculorum.
1550 5019 1632 5055 amen.
1659 5004 1766 5068 explicit
1780 5003 1895 5066 (explicit

257 5101 304 5162 om·
321 5087 352 5149 Β)
370 5087 415 5136 PB
537 5089 552 5140 8
571 5091 714 5143 fortunatus
727 5121 762 5150 -τ
775 5092 897 5163 medardi]
915 5096 983 5145 aolus
998 5094 1034 5157 M,
1053 5093 1097 5143 nit
1109 5097 1237 5157 sequitur:
1256 5107 1321 5142 rrnrs
1338 5107 1401 5142 rura
1419 5095 1459 5142 sci
1477 5105 1600 5140 noanon
1619 5093 1672 5140 ιιῑι.
1705 5089 1748 5137 Est
1761 5090 1895 5139 Fortunata·

256 5189 333 5224 cona.
356 5175 393 5236 11,
416 5179 456 5239 16,
479 5175 543 5239 qnod
560 5182 665 5242 waioli,
685 5179 722 5240 cs.
743 5194 819 5241 aupao
835 5197 861 5243 p.
885 5182 919 5230 71
935 5197 962 5232 a.

343 5277 359 5328 9
378 5292 440 5328 vrrs
458 5292 553 5328 sancrr
572 5279 694 5350 nnonrsr]
717 5285 744 5332 in
764 5285 896 5348 sepulchro
914 5288 991 5350 patris
1010 5289 1052 5335 nr'r
1070 5286 1164 5335 leobini
1183 5281 1265 5348 parulis
1284 5285 1380 5348 scripto
1400 5290 1438 5334 ast
1457 5283 1539 5345 pridie
1557 5282 1614 5331 idus
1632 5281 1708 5343 primi
1726 5279 1789 5329 ffials
1807 5281 1893 5329 marcii

256 5365 340 5426 ipsum
358 5362 412 5413 sc’m
429 5365 558 5416 leobinum
576 5371 695 5431 migrasse
713 5385 728 5418 a
747 5370 842 5433 seculo.
868 5374 960 5436 incipit
978 5373 1034 5422 nita
1052 5372 1091 5421 ac'i
1107 5387 1136 5422 aa
1153 5371 1255 5433 gloriosi
1273 5372 1383 5436 presulis
1401 5369 1504 5432 leobini,
1525 5370 1568 5432 qui
1586 5368 1695 5417 carnotis
1714 5367 1812 5416 meritis
1825 5367 1894 5416 uiuit

258 5449 289 5513 P,
315 5450 406 5513 incipit
424 5452 479 5502 nita
497 5455 578 5502 sancti
595 5454 690 5506 leobini
709 5456 822 5520 episcopi
841 5464 867 5506 et
885 5461 1019 5522 confessoi,
1040 5472 1092 5522 quq
1110 5464 1150 5507 est
1167 5470 1228 5506 xrrr
1246 5439 1273 5506 11
1290 5440 1383 5515 01110
1498 5453 1530 5505 11
1548 5455 1643 5518 splenis
1664 5451 1696 5510 0¹
1803 5451 1834 5502 15
1853 5452 1893 5500 dl·

256 5549 385 5586 scansaras
405 5536 437 5598 0¹
559 5538 591 5590 16
609 5538 763 5600 codicemO
883 5545 913 5596 18
931 5540 1080 5611 caelibatus]
1098 5551 1137 5594 est
1155 5542 1252 5605 odd.0
1371 5542 1403 5594 19
1422 5539 1593 5603 fiagrantlto
1706 5535 1740 5602 ²2
1759 5543 1789 5586 ¹¹2
1807 5534 1846 5606 et]
1863 5543 1893 5589 nt
1938 5585 1943 5591 ·

258 5620 299 5684 (0)
405 5625 520 5674 lectionis
539 5624 569 5684 0¹
675 5627 708 5680 23
727 5633 756 5678 et
775 5627 875 5687 legendi
894 5625 1073 5696 frequentiam]
1090 5644 1139 5680 om.
1159 5628 1198 5692 (P)

332 5721 464 5766 Vanaurrrs
478 5723 640 5772 Porri-narra.
1652 5729 1681 5778 itt
