4506 6248
828 313 1031 372 susurravit
1049 314 1122 370 LIB.
1141 313 1220 370 VIII.

479 526 492 564 a
545 510 581 570 ιιι
603 510 728 588 tamen,
755 505 840 572 alme
861 510 969 591 pater,
995 505 1127 590 pietatis
1148 524 1257 571 amore
1280 504 1391 569 labora

633 615 668 674 ut
689 627 781 674 sacer
802 608 954 692 antistas,
980 608 1122 674 culmina
1144 608 1234 674 cuius
1257 607 1376 688 habes,

546 710 633 776 unde
655 717 878 796 repraesentes
900 711 1071 776 Martinam
1093 711 1128 775 in
1148 718 1292 796 tempore
1315 729 1455 792 sacrum,

633 813 779 879 cursibus
801 819 898 896 atque
920 813 983 881 fide
1005 813 1113 880 dando
1136 813 1250 880 salutis
1273 833 1379 898 opem.

868 1094 1175 1102 ———--——-.

743 1356 766 1406 a
817 1332 987 1429 Epistula
1014 1354 1079 1429 pro
1106 1329 1231 1406 eadem
1258 1354 1298 1405 re

293 1534 528 1601 commendans
550 1536 763 1603 humilitatem
786 1556 890 1603 meam
914 1535 1154 1620 copiosissimae
1177 1541 1304 1602 vestrae
1326 1535 1490 1602 dulcedini
1512 1541 1545 1600 et
1566 1534 1755 1600 mitissimae
1778 1533 1837 1599 do-

207 1637 377 1702 minationi
399 1656 549 1722 suggero,
576 1646 611 1706 ut
638 1643 748 1726 (causa
768 1639 960 1706 universalis
983 1639 1141 1706 ecclesiae
1161 1640 1261 1705 talem
1284 1658 1341 1704 vos
1356 1639 1479 1703 habens
1494 1637 1653 1719 basidem,
1678 1643 1714 1701 ut
1728 1636 1836 1702 nullus

207 1746 373 1805 ventorum
396 1742 487 1807 turbo
511 1743 705 1825 succlinans,
734 1744 824 1809 nulla
846 1743 1059 1828 procellarum
1080 1743 1266 1828 propellens
1289 1741 1456 1825 congeries
1478 1741 1582 1826 possit
1602 1739 1670 1805 illic
1691 1739 1836 1804 invenire

207 1841 294 1925 quod
315 1843 454 1926 quatiat,
489 1852 546 1911 aut
567 1847 654 1930 quod
677 1846 850 1912 labefactet
872 1846 1019 1931 reperiat)
1052 1846 1086 1912 in
1110 1865 1226 1929 causa,
1259 1865 1322 1928 qua
1344 1863 1517 1910 conservus
1540 1861 1630 1908 meus
1652 1842 1832 1927 presbyter,

176 1966 188 2005 a
207 1945 425 2030 praesentium
448 1948 597 2032 portitor,
623 1948 746 2014 advos
769 1969 828 2034 pro
851 1948 1007 2032 singulari
1030 1948 1192 2033 praesidio
1214 1947 1378 2014 confidens
1400 1945 1535 2012 occurrit
1561 1945 1745 2029 (sicutipse
1768 1943 1836 2009 sin-

207 2047 285 2130 gula
306 2048 423 2132 poterit
443 2051 633 2136 explicare),
663 2071 818 2118 memores
841 2050 1125 2118 commendationis
1147 2052 1264 2117 beatae
1287 2050 1435 2116 dominae
1457 2069 1561 2132 meae,
1586 2047 1674 2114 filiae
1695 2047 1749 2112 vel
1770 2046 1835 2112 iam

207 2151 317 2216 matris
339 2158 484 2236 vestrae,
517 2154 654 2220 domnae
676 2153 904 2238 Radegundis,
937 2175 995 2240 pro
1021 2154 1083 2222 loci
1106 2155 1156 2220 sui
1177 2155 1230 2220 vel
1253 2171 1408 2238 personae
1429 2152 1591 2236 totiusque
1612 2150 1746 2233 regulae
1769 2155 1836 2214 sta-

207 2253 331 2320 bilitate
361 2255 447 2336 quod
475 2255 569 2340 petiit
598 2263 632 2323 et
652 2258 821 2323 verborum
843 2259 896 2323 vel
918 2258 1076 2324 viscemm
1100 2256 1336 2342 supplicatione
1359 2254 1532 2338 commisit,
1563 2254 1609 2319 ita
1630 2251 1837 2338 praecipiatis

206 2355 455 2440 infatigabiliter
488 2359 634 2425 laborare
667 2360 806 2444 qualiter
836 2361 908 2445 ipse
941 2361 1033 2428 vobis
1065 2361 1099 2426 in
1133 2359 1339 2425 retributione
1372 2358 1569 2442 sempiterna
1602 2356 1750 2422 restituat
1781 2354 1835 2438 qui

159 2479 188 2520 ro
208 2459 313 2542 videt,
362 2480 419 2544 pro
456 2462 577 2528 auxilio
613 2462 832 2548 indigentibus
869 2464 902 2529 in
941 2483 1039 2530 causa
1073 2463 1216 2529 iustitiae
1253 2466 1361 2528 vester
1397 2461 1596 2545 apostolatus
1632 2457 1838 2545 pastoraliter

207 2561 294 2644 quod
316 2562 464 2630 desudat.

980 2928 1062 2992 xur
1124 2911 1127 2916 “

899 3082 959 3158 Ao
986 3083 1137 3158 eundern

541 3287 685 3353 Antistes
708 3286 846 3370 domini,
871 3288 954 3353 bone
977 3295 1087 3373 pastor
1109 3294 1142 3354 et
1163 3294 1274 3354 auctor
1294 3287 1442 3368 honoris,

629 3391 690 3456 rite
713 3390 812 3456 decus
834 3392 963 3476 generis
985 3412 1048 3475 quo
1070 3396 1120 3457 est
1142 3409 1301 3474 generosa
1322 3389 1421 3455 fides:

542 3494 698 3560 Iustinam
721 3495 876 3560 famulam
899 3495 1019 3580 pietate
1041 3500 1218 3578 memento,
1243 3495 1356 3572 beate;

628 3618 687 3681 per
708 3605 740 3665 te
762 3605 796 3665 et
817 3598 1037 3682 commender,
1063 3598 1162 3684 stirpe
1183 3599 1237 3665 vel
1259 3617 1333 3664 arce
1355 3603 1464 3682 pater,

475 3721 488 3760 a
544 3700 620 3767 binc
642 3700 786 3768 referens
808 3705 917 3785 grates
939 3702 1052 3786 aviae,
1078 3702 1155 3785 quia
1175 3701 1304 3768 reddita
1325 3699 1455 3767 tandem

629 3804 802 3870 adsultus
824 3805 948 3890 neptis,
973 3804 1077 3870 dulcis
1098 3805 1224 3889 imago,
1250 3803 1350 3870 venit.

541 3907 605 3974 ista
627 3907 683 3973 diu
705 3906 823 3975 nostris
845 3908 927 3974 vods
950 3908 1032 3974 dans
1054 3907 1193 3992 gaudia,
1219 3913 1340 3990 rector,

628 4010 712 4077 inter
733 4032 827 4077 avam
850 4018 884 4078 et
904 4018 1033 4098 neptem
1055 4018 1091 4077 tu
1113 4011 1270 4078 mediator
1291 4030 1385 4095 agas.

207 4269 617 4281 ———-.—.—..-..

275 4459 416 4509 danmatio
435 4462 458 4509 A
562 4461 766 4524 'lrepraesentis
784 4459 860 4509 ΛΟΜ
962 4461 1148 4521 martynumG
1253 4467 1363 4524 tempora
1383 4459 1411 4508 Μ
1513 4459 1815 4509 mbacr.v.v111AMD

275 4545 339 4593 xil·
360 4547 433 4606 (arur
452 4546 482 4607 il,
502 4550 555 4596 etue
573 4561 644 4597 ιιιιιιι.
664 4547 731 4609 rell.)
838 4559 965 4596 nurerum
978 4545 1060 4615 ΑΘΒ]
1078 4561 1205 4597 erroneus
1222 4548 1278 4598 rell.
1384 4561 1411 4609 p.
1431 4560 1455 4596 e.
1474 4541 1509 4613 r.]
1527 4559 1563 4594 nx
1580 4559 1685 4596 ιιοιιιιιιι
1703 4560 1835 4596 mermes

205 4631 229 4677 ι’
247 4630 290 4692 [cs.
310 4646 334 4680 υ.
356 4632 390 4680 10
407 4637 430 4680 ct
447 4647 523 4680 com.
543 4636 590 4696 ep.)
700 4633 920 4696 leuploslssimae
940 4634 988 4696 A,
1068 4639 1167 4683 uestrae
1185 4648 1233 4684 em.
1249 4631 1278 4680 Μ
1379 4633 1503 4681 dulcidinl
1524 4631 1569 4679 GM
1674 4632 1835 4682 ibasaldem

205 4716 255 4764 ua
359 4715 375 4766 3
394 4718 522 4767 ιιιιιιιιιιιι
540 4719 566 4766 D
678 4718 694 4768 4
713 4718 847 4768 labefactet
865 4720 973 4782 reperiat
990 4716 1024 4787 G]
1041 4721 1164 4768 labefacto
1181 4721 1290 4782 reperiat
1308 4718 1363 4780 DB,
1384 4718 1507 4768 labeiaete
1524 4719 1651 4780 repperiet
1670 4719 1747 4779 Aca,
1767 4720 1836 4769 labe·

204 4805 285 4851 facua
302 4806 429 4866 repperiet
447 4803 481 4868 Μ,
502 4805 625 4853 labefacta
642 4805 768 4868 repperiet
785 4804 816 4866 L,
836 4805 986 4854 labefactum
1005 4808 1114 4868 reperiat
1133 4806 1155 4852 i*
1255 4820 1305 4867 qua
1322 4819 1370 4854 cm.
1388 4805 1408 4852 C
1509 4803 1526 4853 6
1544 4818 1665 4854 memores
1684 4802 1763 4872 GBL]
1781 4820 1836 4854 me-

206 4903 258 4938 mor
275 4903 303 4938 es
320 4891 375 4939 rell.
492 4891 707 4940 conmendatiouls
727 4890 756 4937 Μ
866 4891 979 4940 dominae
998 4888 1035 4958 F]
1054 4892 1158 4942 domnae
1175 4893 1230 4941 rell.
1345 4905 1415 4940 meae
1432 4889 1525 4940 οιιι.Ιι
1639 4888 1703 4959 lam]
1721 4893 1797 4940 etiam
1815 4894 1839 4940 F

206 4973 345 5026 Idomnae
362 4990 411 5027 om.
425 4978 449 5024 F
552 4977 704 5038 radegundis
725 4973 790 5044 0¹13]
809 4977 968 5038 radegundae
986 4975 1136 5041 Ananis,
1158 4978 1295 5038 radlguude
1313 4977 1350 5038 Μ,
1370 4976 1538 5037 radegundiae
1559 4975 1589 5023 0¹
1606 4990 1668 5026 corr.
1774 4992 1835 5026 suae

208 5058 237 5107 0¹
256 5075 321 5110 corr.
343 5060 373 5109 0¹
478 5061 623 5112 illaborare
640 5063 749 5125 qualiter
766 5063 858 5112 ormo
961 5069 1120 5126 sempeterna
1139 5062 1168 5110 Μ
1271 5062 1303 5112 lb
1320 5063 1392 5112 uidet
1408 5077 1453 5127 pro
1471 5058 1577 5129 auxilio]
1596 5063 1663 5111 uidit
1679 5076 1723 5124 pro
1740 5065 1835 5113 auxilio

207 5144 293 5208 Ci'ffl,
312 5147 384 5197 uidet
401 5161 445 5210 pro
462 5150 584 5197 anxsslum
597 5149 628 5210 A,
650 5149 717 5197 uidit
733 5163 778 5212 pro
796 5150 920 5198 auxilium
933 5148 1055 5214 MDfflL,
1076 5150 1143 5197 uidit
1159 5164 1205 5212 par
1221 5150 1345 5199 auxilium
1357 5149 1417 5197 BR·
1506 5155 1608 5199 uacuae
1626 5150 1654 5212 F,
1676 5153 1761 5198 uestra
1780 5151 1800 5198 B

205 5231 376 5294 apostholatua
393 5233 427 5281 13¹
536 5233 564 5284 ii
586 5234 675 5296 queo

275 5319 339 5367 xlll
438 5315 480 5385 ad]
499 5332 563 5367 rrarr
581 5318 658 5367 anfi
763 5333 945 5369 astruerem
963 5321 1033 5370 addit
1051 5322 1080 5385 F,
1101 5335 1135 5370 nx
1153 5334 1258 5370 neurus
1277 5334 1402 5369 rvsrrsas
1419 5320 1479 5371 odd.
1499 5320 1553 5371 iod.
1571 5323 1647 5382 capit.
1756 5321 1835 5370 ian·

204 5405 279 5453 testis
297 5404 321 5452 A
427 5393 510 5466 Ioue
528 5401 579 5472 est]
601 5419 676 5467 quem
694 5405 740 5454 BL
844 5406 1043 5456 iiustitlamL
1148 5407 1267 5470 lstyrpe
1287 5407 1357 5455 CDB
1461 5407 1606 5456 breferana
1624 5405 1658 5454 0¹
1762 5410 1834 5459 aulae

204 5495 287 5552 graue
306 5489 336 5554 t,
357 5492 532 5552 grateanaulae
552 5491 575 5539 A
679 5493 772 5542 miser.
792 5508 816 5542 v.
838 5505 889 5542 rua
907 5493 1006 5541 ΑΟΜΙ)
