4478 6188
908 333 1137 388 enoonrrrvrr.
1605 335 1608 346 ·
1778 338 1840 403 vll

201 561 315 645 bytero
338 559 370 624 in
394 559 534 624 archivis
557 558 715 624 ecclesiae
738 557 951 623 Pictaviensis
973 563 1132 643 repertam
1155 557 1259 624 denuo
1283 560 1483 625 recensuisse
1504 560 1722 644 Miraculaque
1745 561 1838 628 addi-

202 680 300 747 disse.
349 667 523 746 Tillemont
545 666 664 760 autem,
695 679 806 742 ‘Mem
832 699 912 763 pour
934 679 1037 744 serub
1059 683 1079 743 rt
1102 677 1256 745 l'histoire
1280 681 1413 745 eccles’
1442 683 1546 762 (1706)
1574 680 1645 762 VIl,
1674 682 1837 747 7461161-

201 797 348 867 tunatu'm
371 800 532 885 quendam
555 807 650 884 poeta
672 799 768 885 paulo
791 799 1013 880 vetustiorem,
1046 819 1140 882 quem
1163 807 1238 866 ante
1261 799 1295 864 S.
1322 799 1517 866 Germanum
1540 801 1754 867 Parisiensem
1778 801 1837 866 de·

203 922 339 987 cessisse
362 920 474 1002 voluit,
500 920 662 1002 eMolano
683 920 725 1002 ld.
748 922 796 985 18.
816 920 900 1000 Iun.)
929 919 1161 1018 erutumVitae
1185 920 1370 1005 scriptorem
1393 921 1515 1002 habuit,
1543 920 1593 985 cui
1617 921 1713 987 etiam
1730 921 1835 987 Vitam

203 1042 236 1107 S.
262 1040 406 1137 Marcelli
435 1041 589 1106 attribuit.
637 1041 779 1120 Quocum
810 1047 957 1106 auctores
981 1041 1140 1138 Historiae
1164 1040 1225 1106 litt.
1252 1041 1455 1125 Francogall.
1482 1041 1506 1120 l,
1535 1044 1594 1105 301
1621 1041 1688 1107 fere
1719 1061 1837 1108 conve-

202 1169 327 1227 nerunt.
368 1160 434 1227 Sed
457 1135 528 1227 cum
552 1161 659 1226 Vitam
676 1161 820 1227 Marcelli
843 1167 966 1226 constet
988 1181 1060 1226 esse
1083 1161 1249 1225 Fortunati
1272 1168 1397 1246 poetae,
1423 1161 1480 1227 ille
1503 1161 1700 1227 Tillemontii
1722 1163 1837 1227 Fortu-

201 1290 296 1348 natus
318 1282 371 1347 hic
393 1283 499 1347 locum
521 1282 714 1349 non-babet.
762 1281 810 1346 De
834 1300 979 1347 sermone
1002 1287 1111 1376 autern
1133 1281 1282 1365 egregios
1297 1281 1459 1347 Maurinos
1482 1289 1581 1348 testes
1601 1283 1742 1367 proferre
1759 1284 1838 1350 libet

206 1403 316 1488 (Mipne
339 1403 405 1484 IX,
434 1404 525 1484 ¹85i³
561 1402 681 1466 Addere
701 1404 847 1498 potuisset
874 1401 1061 1483 (Bollandus
1085 1402 1168 1483 scil.)
1196 1413 1223 1465 ct
1243 1406 1391 1488 proprios
1413 1405 1563 1486 quosdam
1595 1408 1731 1498 Verrnntr'i
1752 1408 1837 1469 locu-

202 1527 295 1588 tiones
319 1527 348 1586 r'rr
373 1544 406 1586 eo
428 1544 518 1606 opero
541 1525 672 1586 indidem
695 1524 889 1604 deprehendi.
937 1521 1092 1612 Similiter
1113 1495 1146 1587 in
1170 1523 1208 1587 V.
1227 1523 1261 1590 S.
1288 1497 1441 1588 Germani
1464 1524 1671 1590 Fortunatam
1696 1526 1835 1592 locutum

201 1663 288 1734 esse,
311 1643 360 1708 illi
382 1644 447 1708 iam
469 1650 712 1740 perspexerunt.

289 1781 338 1848 De
372 1790 515 1866 ternpore
549 1801 612 1865 qno
641 1781 835 1846 Fortunatus
867 1780 906 1847 de
937 1781 971 1846 S.
997 1782 1121 1847 Hilario
1156 1782 1319 1868 scripserit
1353 1803 1457 1867 pauca
1490 1789 1564 1848 sunt
1592 1802 1674 1866 quae
1705 1782 1834 1849 addam.

203 1902 296 1981 Quod
319 1904 406 1970 haud
428 1904 529 1969 multo
551 1910 720 1988 postquam
744 1921 774 1966 a.
802 1904 863 1965 565
887 1901 920 1965 in
945 1901 1071 1968 Gallias
1095 1903 1183 1968 venit
1206 1902 1327 1972 iactum
1351 1923 1441 1984 esse,
1468 1922 1506 1968 eo
1528 1903 1728 1986 intellegitur
1750 1903 1837 1986 quod

203 2025 392 2091 Pascentius
424 2025 475 2116 cui
504 2030 637 2107 uterque
667 2022 748 2088 liber
779 2021 904 2087 dicatus
928 2029 978 2088 est
1001 2022 1161 2105 Sigiberto
1185 2044 1261 2107 rege
1285 2024 1358 2089 vivo
1381 2022 1466 2088 diem
1490 2023 1578 2089 obiit.
1626 2024 1730 2112 Huius
1752 2025 1836 2089 enirn

202 2151 346 2230 ternpore
376 2145 443 2211 iam
472 2145 643 2210 Maroveus
671 2143 884 2209 Pictaviensis
914 2143 1084 2228 episcopus
1112 2151 1197 2222 erat;
1232 2143 1272 2208 ci.
1301 2143 1412 2228 Greg,
1438 2143 1480 2208 H.
1499 2143 1553 2208 Fr.
1578 2144 1636 2222 ΙΧ,
1657 2147 1710 2208 46.
1758 2144 1838 2210 Cum

203 2273 310 2332 autern
342 2265 522 2351 Sigibertus
552 2286 584 2330 a.
610 2269 671 2328 575
703 2269 845 2329 mortuus
877 2264 933 2343 sit,
966 2264 1052 2329 inter
1080 2284 1110 2328 a.
1139 2268 1200 2328 565
1224 2268 1341 2330 61575
1366 2264 1560 2330 Fortunatus
1589 2263 1753 2348 scripserit
1781 2284 1839 2329 ne-

204 2406 296 2474 cesse
319 2393 378 2453 est.
419 2386 490 2451 Huc
513 2385 647 2462 accedit,
674 2383 759 2467 quod
781 2383 960 2476 Probianus
983 2404 1072 2469 puer,
1100 2384 1155 2468 qui
1177 2405 1235 2469 per
1257 2383 1291 2449 S.
1310 2385 1469 2450 Hilarium
1487 2385 1603 2450 bonam
1620 2382 1838 2451 valetudinem

203 2477 414 2593 recuperavit,
441 2526 513 2572 curn
529 2506 723 2571 Fortunatus
747 2505 865 2598 librum
887 2503 928 2570 de
951 2505 1123 2570 virtutibus
1143 2505 1181 2588 (c.
1200 2505 1258 2588 Ill)
1287 2505 1456 2584 contexuit,
1486 2506 1581 2571 etiam
1606 2513 1673 2571 tum
1695 2504 1835 2571 vivebat.

206 2633 278 2709 Qut,
312 2627 430 2711 inquit,
469 2628 637 2690 Probioous
667 2629 799 2690 civitatis
830 2629 946 2708 apicem
975 2630 1086 2689 rrrerurit
1116 2627 1248 2690 obtr'aere
1268 2630 1418 2710 pontilicis
1441 2639 1468 2691 et
1490 2648 1585 2714 iraque
1608 2631 1638 2690 in
1662 2629 1839 2692 hodiernam

204 2751 280 2812 diem
312 2751 354 2812 od
383 2751 551 2812 luminario
581 2751 631 2810 arri
659 2749 767 2810 medici
796 2749 924 2830 sr'rrpulr's
954 2749 1045 2809 uanis
1075 2747 1606 2812 677661166116171166166111661611.
1654 2749 1685 2813 Is
1708 2756 1773 2828 est,
1806 2757 1841 2814 ut

204 2868 388 2956 Bouchetus
411 2867 533 2952 primus
557 2866 646 2947 vidit,
674 2866 853 2956 Probiauus
876 2865 1090 2950 Biturigensis
1113 2868 1294 2952 episcopus,
1322 2867 1377 2950 qui
1399 2868 1542 2934 conciliis
1558 2869 1793 2934 Parisiensibus
1808 2869 1840 2932 ll

204 3009 235 3053 6.
262 2991 324 3052 551
347 2994 380 3054 61
403 2988 452 3052 ΙΙΙ
475 3008 506 3052 a.
533 2991 594 3051 557
626 2987 781 3052 interfuit.
830 2987 910 3052 Cum
940 2993 1055 3069 quarto
1086 2986 1220 3052 concilio
1251 3008 1282 3052 6.
1309 2990 1371 3051 573
1402 2996 1474 3053 6616
1503 2988 1568 3052 ianr
1598 2989 1691 3053 Felix
1721 2989 1839 3054 Bituri-

204 3108 314 3193 gensis
336 3107 574 3193 subscripserit,
601 3115 698 3174 antea
722 3108 754 3173 S.
782 3106 898 3172 Hilarii
921 3107 1057 3172 virtutes
1080 3107 1288 3192 Fortunaturn
1314 3108 1524 3191 descripsisse
1548 3115 1669 3174 certum
1692 3117 1752 3174 est.

264 3245 322 3310 S.
346 3245 464 3310 Hilarii
487 3246 568 3311 Acta
596 3244 629 3309 in
660 3244 848 3329 legendario
880 3244 947 3311 iere
976 3245 1065 3310 nullo
1097 3244 1331 3312 desiderentur.
1380 3246 1492 3330 Itaque
1523 3246 1649 3312 codices
1681 3256 1755 3312 sunt
1785 3248 1836 3312 in-

199 3365 335 3449 numeri,
362 3365 420 3431 sed
443 3367 538 3451 pauci
561 3366 615 3450 qui
638 3363 808 3431 saeculum
827 3364 984 3430 decimum
1009 3367 1173 3452 superant.
1224 3365 1302 3431 Mihi
1326 3366 1453 3450 quidem
1478 3374 1606 3452 praesto
1631 3366 1760 3432 fuerunt
1782 3367 1829 3433 bi:

201 3503 230 3570 G
358 3503 468 3570 Codex
484 3503 707 3586 Sangalleusis
723 3523 772 3568 nr.
791 3506 865 3590 567,
893 3522 978 3568 saec.
997 3502 1055 3585 IX,
1083 3502 1138 3568 iol.
1162 3506 1339 3568 tlt-128.
1385 3504 1529 3574 Contulit
1543 3505 1667 3571 Jacobi.
1707 3506 1834 3590 Exquo

406 3606 498 3672 fluxit
590 3659 592 3664 .

200 3713 231 3777 Η
354 3711 464 3778 Codex
487 3709 711 3793 Sangallensis
734 3730 782 3774 nr.
802 3713 873 3790 577,
902 3727 988 3775 saec.
1007 3709 1112 3796 ixsx,
1142 3710 1198 3775 iol.
1223 3715 1402 3777 137-155.
1451 3711 1595 3797 Inspexit
1616 3711 1741 3778 Jaoooi.
1785 3712 1834 3776 Ex

406 3814 467 3879 hoc
490 3813 670 3898 descriptus
694 3821 743 3879 est

202 3919 228 3984 B
358 3917 468 3984 Codex
490 3915 711 3982 Bruxeliensis
734 3917 790 3982 nr.
810 3919 903 3998 7668,
932 3936 1018 3982 6666.
1044 3917 1084 3998 X,
1113 3917 1169 3983 iol.
1196 3914 1368 3982 98-106'.
1417 3917 1558 3984 Contulit
1579 3919 1630 3983 W.
1656 3919 1769 3986 Arndt.

199 4023 227 4087 V
282 4105 283 4108 Ἴ
358 4021 469 4088 Codex
485 4020 661 4087 Vaticanus
675 4041 723 4085 nr.
743 4023 836 4102 1197,
858 4039 942 4086 saec.
957 4019 1016 4100 IX,
1037 4020 1093 4086 fol.
1112 4025 1183 4103 105,
1202 4021 1318 4087 litteris
1335 4021 1587 4106 Langobardicis
1603 4023 1749 4107 scriptus,
1769 4023 1832 4088 iam

408 4125 540 4189 mutilus
563 4134 622 4204 est,
649 4144 721 4190 curn
744 4123 953 4214 quaternioO
976 4146 1009 4209 p.
1029 4127 1059 4204 8,
1080 4135 1112 4185 30
1135 4124 1577 4210 11111967116661111661661.
1618 4126 1724 4191 Etiam
1741 4127 1835 4194 Vitae

408 4249 491 4312 quae
515 4229 660 4312 sequitur
683 4229 715 4293 S.
735 4227 919 4294 Sebastiani
942 4227 1067 4293 initium
1092 4227 1196 4313 periit.
1242 4228 1361 4314 Incipit
1383 4227 1483 4294 enim:
1510 4233 1700 4292 consentiunt
1722 4240 1749 4294 et
1771 4253 1835 4294 me-

408 4342 510 4414 tuunt,
544 4353 581 4395 ne
610 4335 718 4396 ar'rrrilis
743 4353 791 4396 eoa
811 4354 893 4415 penu
913 4319 1086 4396 ¹concludet.
1134 4332 1290 4416 Prologus
1319 4332 1394 4398 libri
1426 4332 1466 4397 de
1496 4331 1668 4398 virtutibus
1697 4333 1762 4398 iam
1794 4355 1834 4400 ex

408 4435 595 4520 exemplari,
623 4437 709 4502 unde
734 4435 761 4499 V
783 4435 886 4516 fluxit,
913 4435 980 4501 iere
1004 4443 1088 4501 totus
1113 4435 1288 4501 exciderat.
1335 4436 1479 4502 Contulit
1501 4435 1579 4501 Leo.

202 4542 231 4606 A
357 4538 467 4604 Codex
485 4537 659 4604 Vaticanus
681 4559 730 4604 nr.
758 4542 848 4619 1193,
877 4559 962 4604 saec.
986 4539 1076 4618 XIII,
1105 4538 1161 4604 iol.
1184 4544 1196 4602 1
1222 4538 1431 4625 praecedenti
1453 4539 1629 4624 persimilis
1651 4539 1710 4605 sed
1733 4542 1833 4607 multo

409 4641 547 4707 deterior
569 4649 628 4707 est.
668 4642 769 4708 Primi
790 4643 945 4709 temionis
964 4643 1067 4708 altera
1082 4662 1158 4728 pars
1174 4642 1384 4722 desideratur,
1411 4641 1458 4708 ita
1474 4649 1508 4708 ut
1523 4648 1629 4707 textus
1645 4664 1665 4708 a
1680 4665 1713 4728 p.
1732 4649 1761 4726 5,
1784 4657 1827 4709 14:

408 4741 528 4808 bestiali
546 4767 651 4831 prrpoo
674 4746 717 4812 ad
739 4768 771 4831 p.
796 4749 826 4829 8,
850 4758 897 4810 35:
925 4747 985 4810 arbi
1005 4749 1096 4810 lolem
1125 4747 1216 4827 [inter
1238 4745 1292 4811 iol.
1318 4747 1438 4828 36111
1465 4745 1543 4811 hiet.
1591 4745 1733 4812 Contulit
1754 4748 1831 4815 Leo.

410 4849 469 4915 Cui
493 4849 743 4928 Gemeticensis,
778 4870 841 4933 quo
864 4849 1003 4916 Macrini
1026 4851 1078 4915 usi
1102 4849 1187 4932 sunt,
1221 4849 1330 4915 alfinis
1353 4859 1420 4917 est:
1454 4856 1588 4932 uterque
1611 4871 1644 4934 p.
1671 4853 1701 4932 9,
1722 4863 1754 4914 36
1777 4872 1834 4936 pro

409 4955 589 5017 Holuru'cum
612 4949 654 5000 ’-
677 4956 844 5035 Hilarium,
870 4976 903 5039 p.
923 4956 952 5032 9,
973 4966 1006 5016 lo
1029 4974 1087 5039 pro
1110 4953 1212 5017 redire
1235 4990 1277 5000 —
1300 4957 1428 5018 rudr'iaae
1451 4954 1593 5038 praebet.
1848 4959 1850 4964 ’

288 5073 327 5138 ln
349 5071 439 5138 GHA
470 5073 586 5170 librum
617 5073 657 5139 de
680 5073 851 5139 virtutibus
875 5074 907 5139 S.
935 5073 1050 5138 Hilarii
1074 5074 1211 5160 epistola
1234 5073 1277 5139 ad
1298 5074 1417 5139 Abram
1441 5073 1541 5139 liliam
1565 5093 1657 5139 suam
1680 5074 1757 5141 data
1780 5095 1832 5142 se-

201 5193 319 5278 qnitur.
367 5191 430 5270 Qui
453 5201 630 5276 sequuntur
651 5194 835 5279 interpolati
858 5194 1079 5260 auctoritatem
1102 5195 1225 5260 nullam
1248 5194 1378 5261 habent.

201 5315 233 5380 X
364 5313 475 5380 Codex
499 5315 720 5380 Bruxeliensis
742 5335 789 5378 nr.
818 5317 910 5394 7802,
938 5335 1025 5381 saec.
1043 5315 1086 5380 X.
1133 5317 1242 5381 Pauca
1265 5317 1316 5380 W.
1342 5315 1445 5380 Arndt
1466 5314 1646 5399 exscripsit.
1696 5315 1829 5401 Incipit:

411 5421 557 5502 Proloprrs
584 5439 625 5481 ecc
650 5422 742 5503 pestis
769 5423 869 5482 suncti
890 5421 1007 5482 Hilarii
1032 5423 1228 5484 Pictaviensis
1254 5423 1399 5502 episcopi,
1431 5422 1486 5502 qui
1511 5429 1556 5482 eat
1583 5420 1652 5482 idua
1675 5423 1830 5484 Ianuarii.

409 5521 559 5606 Sequitur
580 5521 730 5607 prologus
752 5521 837 5586 alius
856 5529 952 5606 atque
968 5522 1001 5586 in
1017 5522 1204 5588 melioribus
1220 5522 1321 5600 libris,
1348 5521 1434 5610 idern
1450 5521 1550 5586 multo
1565 5521 1702 5588 brevior.
1744 5523 1832 5588 Eun-

408 5625 481 5691 dem
504 5626 638 5710 praebet
