4478 6188
1024 305 1195 362 VENAN'I'I
1212 304 1432 364 FORTVNA'PI

745 497 932 563 etruscin
955 496 1039 562 sicco
1062 515 1238 580 generosus
1260 495 1403 562 nascitur
1424 497 1548 562 humor.

667 621 671 632 ·
745 599 842 665 currit
864 599 901 692 in
920 618 1090 664 ascensum
1113 599 1167 681 qui
1192 618 1323 682 vergere
1346 600 1434 666 novit
1455 599 1498 665 ad
1520 599 1636 678 imum,

743 702 883 769 fluxibus
905 710 937 769 et
958 701 1090 786 liquidis
1112 703 1175 768 olei
1198 703 1280 787 petit
1301 703 1415 769 alveus
1437 703 1557 784 altum,

744 806 802 872 scd
825 826 919 890 quem
942 826 1005 871 non
1026 806 1139 890 genuit
1160 805 1252 872 radix
1274 806 1425 890 oleagina
1448 825 1559 872 sucum

743 931 803 976 nec
825 911 908 995 Syra
929 911 1011 976 baca
1033 907 1141 991 dedit,
1167 909 1281 976 merito
1303 909 1429 976 virtutis
1451 910 1609 975 adultum.

744 1013 858 1080 crescit
879 1019 911 1080 et
933 1012 976 1078 ad
999 1033 1174 1096 summum,
1201 1014 1311 1099 patulo
1334 1034 1399 1097 qua
1419 1013 1580 1080 clauditur
1601 1032 1672 1091 ore;

666 1140 686 1152 ’·
743 1137 803 1182 nec
826 1124 993 1183 contentus
1015 1116 1084 1200 agit
1105 1115 1226 1200 liquor,
1252 1124 1288 1182 nt
1309 1137 1367 1182 vas
1390 1118 1522 1202 expleat
1542 1114 1641 1182 illud:

743 1241 817 1286 nam
841 1221 1003 1287 cumulata
1025 1220 1087 1287 olei
1109 1241 1184 1286 mox
1206 1220 1318 1287 defluit
1339 1220 1426 1287 unda
1449 1240 1586 1306 superne

743 1344 803 1391 nec
825 1345 898 1390 sese
920 1345 1002 1390 urna
1023 1324 1110 1410 capit
1138 1326 1237 1408 (tanta
1259 1332 1309 1391 est
1329 1324 1512 1392 benedictio
1534 1323 1679 1406 dextrae}

744 1429 975 1512 exundansque
998 1448 1109 1495 omnes
1131 1429 1222 1513 pueri
1244 1428 1419 1495 madefecit
1440 1428 1575 1494 amictus

743 1541 776 1600 ct
797 1533 891 1619 digiti
913 1532 954 1598 de
976 1532 1065 1600 fonte
1087 1533 1198 1616 rigans
1220 1533 1363 1598 manavit
1384 1533 1515 1599 olivum.

659 1659 670 1698 ι
743 1658 781 1703 ac
803 1643 971 1722 postquam
993 1635 1120 1718 inrigua
1142 1634 1267 1700 fluviali
1289 1655 1375 1702 more
1398 1635 1551 1716 cucurrit,

743 1761 800 1806 vas
823 1740 953 1825 plenum
976 1738 1053 1805 fidei
1075 1739 1188 1805 mento
1210 1745 1355 1806 matrona
1377 1739 1507 1824 recepit.

828 1845 898 1910 Nec
919 1841 1025 1909 minus
1046 1841 1123 1908 inde
1145 1843 1232 1908 subit
1253 1864 1360 1909 rerum
1382 1841 1551 1909 admiratio
1575 1842 1663 1908 facti.

741 1948 827 2014 idem
850 1967 909 2013 vas
931 1947 1067 2013 dueum
1090 1944 1295 2013 benedictum
1317 1947 1426 2013 nobile
1448 1945 1606 2026 reddens,

742 2072 813 2118 cum
835 2071 916 2136 puer
936 2050 1084 2117 incautus
1106 2051 1270 2135 posuisset
1289 2051 1323 2116 in
1345 2071 1400 2117 ore
1421 2050 1602 2130 fenestrae,

742 2162 851 2240 utpote
875 2154 1029 2220 carbaseo
1051 2173 1209 2220 venerans
1232 2154 1392 2220 velamine
1414 2162 1551 2236 tectum,

741 2259 842 2324 lintea
863 2258 939 2324 dum
961 2257 1096 2324 retrahit
1116 2257 1276 2324 fluitantia
1297 2257 1424 2323 nescius
1446 2257 1543 2338 alter,

742 2362 835 2447 lapsa
857 2361 1041 2448 pavimento
1065 2361 1209 2446 ampulla
1232 2368 1297 2427 stat
1318 2382 1474 2427 marmore
1497 2367 1605 2442 tenso,

743 2466 802 2531 sed
823 2485 883 2531 nec
905 2483 985 2530 saxa
1007 2465 1124 2532 vitrum
1147 2464 1285 2549 perdunt
1305 2484 1365 2530 uec
1387 2485 1467 2530 vasa
1489 2464 1660 2548 liquorem:

742 2571 869 2654 integra
892 2575 1038 2635 servatur
1059 2568 1198 2634 volitans
1220 2567 1314 2651 quasi
1336 2569 1459 2653 pensile
1481 2568 1592 2653 pluma

741 2679 798 2739 aut
819 2673 973 2739 subvecta
995 2671 1079 2738 levis
1101 2671 1239 2755 geminis
1262 2672 1473 2737 descenderet
1495 2671 1574 2752 alis,

740 2777 893 2860 nullaque
915 2775 997 2842 mma
1018 2783 1108 2861 patet
1129 2795 1189 2841 nec
1211 2775 1298 2841 facta
1319 2775 1354 2841 in
1376 2795 1453 2841 vase
1477 2774 1618 2842 cicatrix.

741 2881 788 2947 sic
810 2880 914 2965 liquor
934 2878 1067 2945 interior
1088 2879 1166 2945 facit
1187 2879 1346 2946 exteriora
1368 2880 1450 2945 tueri

740 2991 772 3050 et
794 3004 888 3069 quern
910 2982 1007 3049 tutari
1030 2981 1137 3049 decuit
1158 3002 1219 3048 sua
1238 2983 1383 3066 tegmina
1405 2982 1501 3048 texit:

739 3107 780 3153 ne
802 3085 887 3153 vitra
909 3086 1102 3171 depereant,
1130 3085 1194 3153 olei
1216 3085 1362 3152 custodis
1384 3093 1492 3152 servat

663 3215 666 3226 ·
738 3191 947 3272 inclususque
969 3190 1083 3255 humor
1104 3189 1268 3275 proprium
1291 3189 1436 3257 defendit
1458 3189 1608 3256 amictum

739 3315 778 3361 ac
800 3294 947 3378 fragmen
969 3293 1086 3378 fragile
1109 3293 1220 3360 statuit
1241 3293 1423 3361 benedictio
1447 3294 1539 3360 forte.

508 3525 603 3586 eotpte.
622 3523 684 3574 dial.
707 3524 759 3572 111.

403 3664 509 3712 bonibus
527 3660 685 3711 obstruendis
703 3661 779 3709 libera
797 3661 962 3721 relinquatur.
1004 3659 1036 3718 (3)
1064 3661 1204 3707 testabatur
1228 3661 1357 3720 presbyter
1382 3661 1474 3707 vidisse
1499 3674 1526 3706 se
1549 3660 1632 3707 oleum
1659 3661 1705 3706 sub
1728 3659 1830 3706 Martini
1854 3655 2034 3704 benedictione

403 3751 525 3806 crevisse,
547 3748 628 3810 quood
646 3747 793 3796 exundante
811 3747 881 3808 copis
899 3758 1009 3808 superne
1027 3745 1154 3792 difflueret
1175 3745 1215 3806 (Υ,
1237 3745 1407 3795 deflueret
1425 3747 1498 3806 All:
1520 3746 1671 3808 eademque,
1692 3746 1753 3794 dum
1770 3743 1802 3793 sd
1820 3743 2035 3792 matremfamilias

404 3837 531 3884 vesculum
550 3836 698 3893 referretur,
720 3834 844 3882 ferbuisse
862 3833 970 3880 virtute:
1004 3833 1036 3896 (t)
1058 3844 1115 3880 nam
1134 3834 1202 3880 inter
1220 3845 1309 3880 manue
1326 3833 1397 3894 puori
1417 3834 1541 3895 portantis
1560 3833 1596 3880 ita
1613 3845 1712 3894 semper
1729 3830 1871 3879 exundasse
1890 3829 1983 3886 oleum,
2004 3832 2035 3875 ιιι

403 3936 477 3971 omne
495 3921 564 3969 illius
583 3921 761 3968 vestimentum
781 3921 853 3981 copia
871 3920 1000 3979 superfusi
1019 3918 1122 3980 liquoris
1140 3921 1263 3980 operiret:
1292 3925 1429 3968 matronam
1453 3920 1489 3967 its
1512 3933 1591 3982 usque
1616 3919 1645 3967 ad
1668 3931 1794 3967 summum
1812 3917 1908 3966 labrum
1927 3915 2033 3976 plenum

404 4010 533 4058 vasculum
556 4008 693 4069 recepisse,
720 4011 750 4054 ut
772 4007 903 4068 presbyter
927 4004 1051 4066 hodieque
1075 4006 1197 4066 fateatur,
1225 4005 1334 4054 obdendi
1358 4005 1467 4068 pessuli,
1494 4019 1543 4067 quo
1562 4005 1646 4054 claudi
1664 4004 1813 4066 diligentius
1832 4002 1954 4052 servanda
1972 4014 2033 4050 con·

403 4099 519 4152 suerunt,
540 4094 567 4141 in
587 4095 650 4140 vitro
668 4091 714 4140 illo
733 4091 843 4154 spatium
861 4105 910 4140 non
929 4092 1017 4140 fuisse.

472 4183 497 4237 3,
518 4183 534 4230 5
553 4179 646 4227 Mirum
664 4184 690 4227 et
707 4178 784 4234 illud,
807 4177 871 4240 quod
890 4178 950 4226 buin
966 4203 1002 4214 -
1019 4191 1060 4226 me
1077 4183 1162 4227 autem
1180 4180 1328 4228 intuebatur
1343 4205 1379 4216 -
1397 4180 1500 4228 memini
1519 4179 1660 4238 contigisse.
1699 4191 1743 4226 aas
1761 4177 1871 4225 vitreum
1889 4187 1947 4222 cum
1965 4174 2031 4233 oleo,

402 4267 467 4332 quod
487 4266 611 4314 Martinus
630 4264 805 4328 benedixerit,
826 4265 854 4312 in
872 4265 984 4312 fenestra
1000 4264 1132 4326 paululum
1150 4266 1256 4314 editiore
1278 4267 1309 4327 (e.
1330 4279 1378 4314 ont.
1399 4267 1429 4328 VJ
1452 4266 1580 4329 deposuit:
1609 4278 1672 4326 puer
1690 4263 1821 4312 familisris
1839 4261 1963 4310 incautior
1981 4260 2033 4308 liu-

402 4363 470 4402 teum
490 4352 686 4414 superpositum,
707 4351 841 4414 ampullam
863 4349 1035 4412 (ampullulam
1055 4351 1084 4412 A)
1107 4352 1143 4399 lbi
1162 4365 1217 4400 esse
1235 4353 1367 4413 ignorans,
1387 4352 1498 4402 adtraxit
1519 4353 1679 4414 [Fortunatus
1697 4363 1749 4399 noo
1764 4353 1820 4412 post
1837 4347 1968 4409 deposuit,
1990 4346 2034 4394 aed

402 4445 455 4500 post
473 4440 599 4487 incautior
616 4440 764 4486 renuntiem
781 4437 907 4497 distinxit,
934 4438 1046 4485 adtraxit
1063 4437 1092 4484 da
1110 4439 1187 4487 attero
1203 4452 1280 4499 puero
1298 4440 1438 4502 inteltezitl.
1478 4453 1521 4486 vsa
1545 4452 1622 4501 super
1643 4441 1795 4486 constratum
1820 4447 1941 4484 marmore
1959 4435 2031 4494 pavi-

404 4529 516 4573 rneutum
534 4524 639 4574 decidit.
676 4526 775 4572 cunctis
793 4529 861 4572 metu
881 4524 1011 4572 exterritis
1028 4523 1229 4573 benedictionem
1247 4524 1288 4571 dei
1305 4525 1401 4586 perisse
1429 4526 1460 4586 (b.
1481 4525 1505 4572 d.
1526 4538 1551 4586 p.
1573 4524 1599 4584 V,
1628 4537 1659 4570 ne
1677 4522 1819 4571 benedictio
1838 4519 2031 4580 deperisset

405 4612 474 4670 AF),
504 4611 614 4672 ampulla
641 4610 787 4672 (ampullula
804 4609 858 4672 AF)
885 4610 991 4674 perinde
1016 4610 1147 4659 incolumis
1170 4617 1210 4659 est
1232 4617 1345 4674 repertu,
1378 4627 1406 4660 ac
1432 4613 1454 4660 si
1476 4624 1551 4673 super
1574 4611 1673 4672 plumas
1696 4608 1858 4657 mollissimas
1881 4606 2030 4654 decidisset.

406 4699 438 4760 (ι’)
460 4711 524 4762 quae
546 4710 586 4746 res
611 4711 660 4748 non
685 4697 771 4760 potius
795 4696 824 4745 ad
850 4711 934 4746 casum
959 4710 1033 4757 quam
1058 4697 1089 4744 ad
1108 4696 1210 4745 Martini
1235 4703 1275 4746 est
1298 4697 1428 4746 referenda
1452 4699 1586 4760 virtutem,
1612 4696 1684 4745 culus
1707 4694 1850 4744 benedictio
1872 4692 1953 4756 parire
1980 4705 2031 4741 uon

402 4785 494 4846 potult.

469 5113 502 5161 60
526 5127 573 5162 om.
594 5113 625 5161 ΡΙ
765 5110 807 5159 62.
829 5111 860 5160 63
886 5115 970 5159 extum
988 5112 1046 5173 ΡΝ,
1076 5127 1124 5162 οιιι.
1147 5111 1240 5159 anns
1379 5111 1411 5161 nt
1437 5112 1526 5174 quob
1665 5110 1792 5158 clauditur
1811 5109 1845 5168 P,
1875 5108 1990 5157 cluditur
2011 5108 2036 5156 N

401 5201 433 5249 66
452 5200 575 5249 comulats
596 5199 642 5247 ΡΝ
763 5198 855 5246 defluit
873 5196 903 5242 Ρ1
918 5211 979 5246 σοιν.
997 5197 1028 5243 Pl
1157 5198 1188 5246 67
1209 5212 1254 5247 nec
1274 5211 1329 5246 sese
1349 5194 1392 5264 P¹]
1409 5213 1488 5246 anrrcc
1506 5213 1562 5247 sese
1581 5193 1650 5257 NP2,
1670 5211 1699 5244 ao
1717 5209 1762 5244 nec
1779 5209 1806 5244 se
1824 5195 1854 5256 L,
1876 5207 1908 5242 au
1927 5207 2034 5242 neeesse

399 5301 426 5334 se
445 5286 514 5335 eds
619 5285 651 5333 70
670 5283 795 5344 irrigueS
900 5281 929 5331 71
951 5284 1040 5344 recipit
1058 5284 1081 5330 P
1184 5283 1214 5332 72
1235 5297 1266 5332 ιιι
1285 5283 1338 5343 PN,
1358 5297 1385 5332 xv
1404 5283 1432 5331 Μ
1533 5297 1581 5332 uss
1600 5282 1757 5330 uacanrrN
1859 5294 1950 5330 renum
1971 5281 1996 5328 N

401 5374 459 5420 factl
478 5369 511 5440 P]
538 5373 598 5420 fasti
623 5368 665 5430 ΙΝ,
693 5371 753 5418 facit
778 5369 856 5432 NBS,
885 5371 947 5418 facit
973 5370 1013 5429 ΙΝ,
1043 5371 1103 5418 fecit
1123 5370 1162 5434 M,
1192 5370 1251 5431 fort.
1273 5371 1353 5418 sancti
1493 5370 1524 5418 it
1550 5373 1662 5419 fenetras
1683 5369 1706 5418 N
1844 5367 1875 5415 75
1900 5372 1995 5430 utpute
2016 5368 2037 5416 S

399 5457 432 5508 to
450 5457 574 5506 lenteaP
712 5457 856 5505 dnuritantia
877 5455 946 5504 ulls
1084 5457 1114 5504 77
1138 5458 1248 5518 ampulla
1266 5451 1299 5522 L]
1327 5458 1445 5517 snrpnada
1466 5457 1499 5515 P,
1529 5456 1666 5517 ampullula
1685 5454 1779 5504 NBMS
1917 5460 1992 5504 teuta
2012 5455 2036 5502 B

399 5545 432 5594 79
450 5545 553 5606 peneelc
569 5540 629 5591 ΝΡ7
734 5543 766 5592 60
785 5543 949 5592 descenderet
962 5540 1019 5609 NL]
1038 5543 1197 5593 discenderet
1210 5543 1238 5604 P,
1260 5544 1422 5592 descenderat
1437 5543 1506 5592 BMS
1612 5543 1641 5594 81
1662 5545 1724 5596 rima
1742 5557 1789 5593 om.
1806 5542 1828 5592 P
1933 5539 1967 5592 83
1987 5543 2036 5594 de-

399 5631 456 5679 buit
476 5627 506 5675 P¹
612 5627 642 5678 st
664 5628 753 5676 necN
855 5631 919 5678 elsio
939 5629 969 5691 N,
990 5631 1053 5678 ocull
1073 5629 1098 5677 8¹
1693 5615 1695 5620 ’
