4536 6196
1032 261 1204 366 vernari
1221 288 1440 346 ronnvnnnr

758 495 843 542 mors
865 477 949 562 pede
970 497 1066 547 versa
1088 485 1171 545 retro
1193 478 1348 564 praedam
1370 479 1510 564 fugitiva
1531 481 1660 564 reliquit

759 580 964 663 evomuitque
986 601 1085 647 vorax
1108 581 1207 648 avida
1229 582 1270 648 de
1293 583 1387 649 fauce
1410 584 1567 668 rapinam.

758 684 902 767 protinus
925 684 1040 751 exiluit
1060 685 1146 751 lento
1169 685 1336 752 conamine
1359 686 1459 752 functi

757 786 822 850 iam
845 786 946 852 levior
967 805 1003 853 se
1025 793 1110 854 terra
1130 807 1264 855 movens
1287 788 1430 856 animata
1452 789 1577 872 calore,

759 888 914 973 languida
936 891 1020 956 colla
1041 891 1156 956 levans
1179 892 1351 976 oculosque
1375 913 1414 958 ex
1437 900 1537 960 morte
1560 913 1709 979 soporos,

758 993 813 1059 rix
834 1013 984 1061 reserans
1007 994 1141 1078 gravido
1164 996 1333 1081 vigilantia
1356 995 1479 1064 lumina
1500 997 1591 1080 visu,

758 1097 869 1163 mortis
892 1098 990 1164 odore
1011 1097 1118 1165 adbuc
1140 1107 1325 1166 remanente
1348 1100 1381 1165 in
1403 1100 1536 1167 naribus
1558 1101 1639 1182 illis3

761 1201 820 1266 sed
841 1207 1013 1285 prensante
1035 1223 1133 1268 manu
1156 1209 1239 1270 totos
1262 1204 1356 1269 simul
1380 1204 1476 1288 erigit
1497 1211 1587 1272 artus

674 1331 679 1352 ⁸
758 1311 791 1370 et
813 1305 902 1370 stetit
924 1305 1095 1390 intrepidis
1117 1308 1329 1372 membrorum
1353 1307 1503 1373 machina
1524 1309 1654 1393 plantis.

758 1405 938 1474 vivificatus
961 1409 1046 1474 enim
1069 1427 1216 1493 gressum
1239 1409 1424 1476 meditando
1447 1411 1611 1478 rediscens

758 1511 899 1579 reddidit
920 1512 1108 1596 obsequium
1131 1513 1218 1580 vitae
1240 1533 1297 1598 pro
1320 1533 1451 1581 munere
1474 1522 1601 1599 sancto,

759 1635 859 1699 usque
881 1616 924 1681 ad
947 1615 1142 1682 vestibulum
1164 1615 1278 1683 domus
1299 1617 1392 1683 illum
1415 1617 1532 1684 ducere
1553 1620 1711 1706 tendam,

758 1719 944 1786 defunctum
967 1718 1086 1804 eripuit
1108 1719 1213 1786 subito
1235 1719 1291 1803 qui
1313 1741 1354 1786 ex
1375 1720 1486 1787 limine
1508 1722 1636 1788 mortis:

758 1843 815 1908 pro
837 1823 986 1888 mercede
1009 1842 1142 1889 manens
1164 1821 1246 1892 baec
1268 1824 1475 1909 conpensatio
1497 1824 1592 1892 iusto.

757 1925 881 2009 gloria,
908 1924 1052 2006 Christe,
1077 1925 1154 2008 tibi,
1181 1924 1261 1992 facis
1283 1926 1365 1993 haec
1386 1927 1442 2010 qui
1465 1927 1546 1994 mira
1567 1949 1625 2014 per
1647 1931 1772 1997 orbem!

844 2028 971 2093 Accidit
991 2035 1027 2094 ut
1049 2030 1209 2095 Toronum
1231 2029 1360 2113 praesul
1384 2036 1547 2114 peteretur
1568 2031 1610 2097 ad
1634 2034 1744 2099 urbem

758 2153 819 2199 nec
840 2139 950 2198 tamen
971 2130 1066 2197 educi
1088 2138 1199 2217 posset
1219 2131 1261 2197 dc
1284 2132 1395 2199 limine
1418 2133 1538 2212 cellam

759 2235 921 2301 Rusticius
943 2233 1075 2318 quidam
1098 2235 1250 2301 simulata
1272 2234 1361 2303 febre
1382 2235 1504 2320 iugalis

760 2339 883 2405 obtinet
905 2357 1071 2422 egressum
1094 2337 1198 2404 sancti
1220 2339 1263 2404 ad
1286 2339 1426 2422 vestigia
1448 2341 1599 2425 supplex.

761 2442 894 2509 urbibus
918 2461 959 2508 ex
981 2440 1114 2524 reliquis
1135 2461 1220 2507 nova
1243 2442 1457 2508 conciliabula
1480 2451 1625 2526 currunt,

760 2545 933 2612 laetificata
955 2544 1051 2611 simul
1074 2550 1218 2611 sanctam
1242 2564 1277 2610 se
1300 2544 1384 2612 ferre
1407 2545 1571 2630 rapinam:

760 2669 802 2716 ne
824 2656 932 2715 tamen
954 2648 1105 2732 effugiat,
1130 2647 1250 2715 iustum
1275 2648 1421 2715 custodia
1443 2649 1557 2716 vallat.

762 2753 886 2818 interea
908 2752 1020 2836 paucis
1041 2758 1118 2818 tunc
1141 2751 1371 2819 obsistentibus
1393 2752 1506 2819 insons

764 2854 910 2940 eligitur,
937 2855 1090 2936 trabitur,
1117 2862 1261 2921 sacratur
1283 2862 1315 2922 et
1336 2875 1410 2922 aree
1432 2856 1565 2922 locatur.

761 2959 908 3026 aemulus
931 2979 1013 3025 unus
1035 2966 1106 3025 erat
1125 2959 1285 3026 Defensor
1307 2960 1476 3044 episcopus
1499 2960 1647 3044 obstans,

760 3083 802 3130 ne
824 3062 980 3128 Martinus
1002 3081 1080 3128 oves
1102 3069 1212 3147 pastor
1233 3070 1360 3129 curaret
1381 3062 1528 3130 alendas.

763 3186 823 3233 nec
845 3185 951 3247 mora,
977 3164 1095 3232 iudicio
1118 3164 1239 3232 domini
1262 3166 1380 3232 lectore
1402 3173 1538 3234 canente

763 3269 923 3337 versiculo
946 3269 1064 3354 psalmi
1086 3269 1246 3337 Defensor
1268 3275 1380 3354 sponte
1402 3276 1540 3336 notatur.

530 3545 604 3607 Salp.
624 3542 679 3592 deo.
705 3540 732 3588 V.
754 3537 789 3589 fd.

425 3702 552 3763 quinaret,
578 3697 705 3746 iudicatur
727 3707 806 3742 unum
831 3705 862 3739 ex
886 3690 981 3739 familia
1002 3689 1131 3738 servulum
1155 3687 1244 3748 laqueo
1267 3687 1318 3735 sibl
1341 3685 1419 3734 vitam
1440 3689 1585 3737 extorsisse.
1624 3701 1673 3750 quo
1691 3691 1788 3748 cognito
1806 3692 1935 3754 conulem,
1963 3695 1990 3740 in
2009 3709 2063 3756 qus

425 3799 514 3847 corpus
532 3785 642 3843 lacebat,
662 3779 815 3841 ingreditur,
843 3776 1003 3837 exclusisque
1020 3774 1136 3822 omnibus
1158 3773 1239 3820 turbis
1258 3776 1430 3834 superstratus
1449 3775 1543 3835 corpori
1561 3774 1743 3837 aliquantisper
1759 3777 1848 3827 oravit.
1889 3779 1921 3840 (³)
1943 3781 2062 3828 mcxvi.

427 3877 544 3921 sescenta
567 3870 654 3928 vultu,
680 3865 891 3915 marcescentibus
915 3861 994 3911 oculis
1016 3862 1044 3908 in
1068 3873 1110 3908 ora
1129 3859 1200 3908 illius
1218 3858 1352 3907 defunctus
1371 3860 1492 3918 erigitur:
1518 3860 1640 3922 lentoque
1658 3863 1790 3910 conamine
1808 3864 1894 3912 enisus
1912 3864 2060 3927 adsurgere,

425 3958 581 4021 adprehensa
598 3955 666 4006 besti
683 3955 732 4002 viri
750 3952 854 4001 dextera
872 3951 897 3998 ln
916 3948 993 4011 pedes
1011 3947 1136 3998 constitit:
1163 3953 1239 4009 atque
1263 3947 1299 3994 ita
1324 3959 1381 3994 cum
1402 3957 1430 3994 eo
1448 3959 1528 4008 usque
1547 3946 1577 3995 sd
1596 3947 1753 3996 vestibulum
1770 3948 1871 4011 domus,
1898 3950 1972 4000 turba
1989 3955 2061 4002 omui

426 4050 594 4109 inspectante,
613 4042 743 4106 processit.

496 4136 521 4195 9,
543 4137 554 4180 1
576 4129 629 4180 Sub
646 4129 715 4178 idem
733 4127 786 4174 iere
805 4130 906 4186 tempus
925 4121 954 4170 ad
975 4123 1146 4182 episcopatum
1165 4119 1304 4169 'l‘uronlcae
1322 4118 1441 4166 ccclesiae
1459 4119 1609 4180 petebatur:
1631 4118 1677 4166 sed
1695 4133 1751 4168 cum
1771 4121 1826 4168 erui
1844 4125 1995 4172 monasterio
2014 4140 2062 4174 suo

426 4233 474 4268 nou
499 4219 572 4267 facile
592 4219 690 4279 posset,
716 4211 844 4261 Rusticius
866 4209 910 4271 (sie
926 4207 953 4270 V,
973 4207 1080 4254 ruritius
1099 4207 1129 4268 A,
1152 4205 1260 4254 ruricius
1279 4205 1310 4266 F]
1332 4203 1449 4266 quidam,
1476 4217 1544 4251 unus
1562 4217 1576 4251 e
1595 4204 1708 4265 civibus,
1737 4207 1822 4254 uxoris
1840 4207 1958 4268 languore
1976 4211 2061 4259 simu·

426 4308 476 4354 lato
494 4305 524 4353 ad
542 4317 626 4364 genua
643 4301 714 4350 illius
732 4297 876 4362 provolutus
897 4299 926 4344 ut
944 4293 1105 4354 egrederetur
1123 4292 1242 4340 obtinuit.
1282 4293 1316 4350 (21
1342 4291 1379 4337 lta
1404 4290 1534 4352 dispositis
1552 4290 1601 4337 lam
1620 4290 1646 4337 in
1664 4291 1756 4339 itlnere
1775 4293 1870 4341 civium
1889 4294 1984 4357 turbis,
2011 4299 2061 4347 sub

426 4392 532 4455 quadam
554 4389 668 4442 custodia
691 4385 721 4434 sd
744 4385 871 4434 civitatem
895 4394 976 4442 usque
1001 4378 1143 4428 deducitur.
1187 4378 1277 4424 mirum
1300 4377 1326 4424 iu
1352 4374 1454 4424 modum
1471 4374 1626 4424 incredibilis
1645 4376 1780 4426 multitudo
1798 4391 1847 4425 non
1866 4378 1945 4427 solum
1963 4395 1995 4429 ex
2015 4383 2062 4432 illo

425 4478 530 4542 oppido,
557 4476 602 4526 sed
624 4475 701 4524 stiam
726 4485 759 4520 ex
781 4470 870 4518 vicinis
893 4468 998 4516 urblbus
1022 4465 1052 4513 sd
1076 4465 1197 4526 suffragia
1219 4462 1322 4512 ferenda
1346 4467 1505 4511 convenerat.
1542 4474 1594 4509 una
1618 4463 1732 4509 cmrrium
1755 4465 1872 4513 voluntas
1893 4465 1981 4514 eadem
2000 4473 2061 4517 vota

425 4579 446 4617 e.
467 4580 490 4626 q.
510 4579 530 4612 s.
607 4563 637 4623 (ti
666 4562 735 4610 inter
758 4558 887 4620 episcopos
910 4561 995 4602 tamen
1012 4553 1058 4617 qui
1075 4551 1208 4600 adfuerant
1225 4551 1360 4612 praecipue
1378 4549 1500 4596 Defensor
1517 4549 1619 4610 quidam
1637 4549 1729 4597 dicitur
1746 4551 1886 4600 restitisse:
1912 4551 1981 4600 unde
2001 4555 2060 4602 anl-

427 4652 585 4700 msdversum
603 4653 644 4698 est
661 4647 769 4710 graviter
787 4643 859 4692 illurn
877 4641 986 4690 lectione
1003 4639 1149 4702 prophetica
1166 4643 1220 4686 tum
1238 4641 1361 4686 notatum.
1402 4635 1435 4699 (5)
1457 4649 1515 4684 nam
1533 4649 1591 4684 cum
1609 4635 1713 4683 fortuito
1730 4635 1821 4698 lector,
1846 4638 1887 4685 cul
1906 4637 2008 4697 legendi
2027 4653 2059 4690 eo

427 4852 839 4868 —--..—-n-——

498 5011 546 5063 isi
564 5009 674 5072 reliquid
692 5007 715 5054 P
837 5002 885 5054 199
904 5009 1024 5065 protenus
1045 4998 1086 5048 ΤΒ
1199 4998 1302 5045 iunctus
1320 4997 1343 5044 F
1464 4994 1513 5046 199
1532 4997 1549 5048 i.
1571 4993 1605 5063 s.]
1624 5011 1651 5045 se
1670 4997 1750 5046 leuior
1768 4995 1800 5043 ΡΙ
1913 5001 1977 5046 terra
1996 5001 2016 5050 i.
2034 5013 2059 5050 e.

426 5101 531 5150 cadauer
634 5096 712 5145 colore
730 5090 760 5142 8¹
867 5087 913 5138 191
934 5101 1032 5149 sopores
1053 5085 1107 5146 MS,
1128 5083 1266 5147 soporlsP
1369 5081 1417 5132 194
1436 5087 1572 5144 prensante
1592 5078 1679 5148 Pras]
1698 5087 1830 5144 praesente
1849 5080 1965 5142 Bitias,
1986 5099 2062 5147 prae-

426 5202 485 5236 seus
503 5184 604 5234 anteT
707 5177 829 5239 eregltT
945 5174 993 5223 iiiii
1012 5173 1137 5221 meditado
1156 5169 1203 5231 Ml,
1223 5169 1362 5217 meditatur
1384 5171 1433 5228 (tur
1451 5171 1468 5217 ι’.
1488 5168 1590 5229 rusi&
1708 5166 1754 5216 197
1774 5167 1858 5215 reddit
1875 5166 1908 5214 P¹
2013 5173 2061 5219 ob-

426 5271 581 5337 requiem?
704 5264 752 5315 198
773 5264 796 5312 Ν
812 5264 900 5326 s.169
1022 5259 1073 5308 290
1091 5257 1253 5318 conpensatio
1273 5251 1384 5321 ΡΝΤΜ]
1402 5257 1571 5316 compensatio
1589 5253 1632 5301 LS
1753 5252 1862 5302 toi-111
1883 5252 1941 5316 ΝΜ,
1962 5269 1980 5302 x
2001 5257 2059 5321 Pr,

428 5365 492 5422 spat.
506 5373 560 5408 eac.
581 5358 605 5404 F
706 5366 742 5401 an
761 5358 941 5398 serscorarvrs
959 5358 1078 5394 vocantu
1096 5343 1121 5391 N
1222 5343 1317 5392 accedit
1336 5342 1381 5388 NT
1487 5347 1605 5390 turonum
1626 5340 1689 5388 TFS
1792 5339 1843 5389 293
1861 5347 1947 5403 posset
1966 5341 2063 5413 aaut]

431 5447 510 5509 possit
527 5445 580 5492 rell.
699 5437 748 5487 294
766 5436 885 5484 rusticius
906 5429 961 5499 ΤΕ]
979 5431 1097 5480 rustitius
1114 5431 1167 5480 reli.
1286 5427 1335 5476 295
1354 5428 1497 5476 obtenetT
1601 5425 1753 5488 subplexbl
1868 5425 1918 5476 296
1937 5429 2063 5480 uerblbus

432 5531 464 5580 Pi
568 5528 658 5576 daran
677 5527 699 5572 F
717 5523 746 5584 (f.
762 5524 811 5578 993
830 5533 931 5582 sequens
942 5517 1043 5579 settim,
1063 5531 1110 5579 qao
1121 5517 1173 5564 cita
1187 5513 1290 5562 Martini
1302 5516 1446 5562 continuata
1458 5517 1519 5575 erat,
1533 5513 1665 5562 abscisam.
1690 5509 1712 5571 s.
1728 5513 1883 5574 assequitur
1900 5513 1957 5574 vii,
1976 5519 1999 5576 1,
2014 5519 2059 5578 45)

430 5615 480 5666 219
498 5621 550 5664 arte
570 5613 592 5662 Ρ
693 5609 740 5660 211
762 5603 889 5676 defensor]
906 5607 979 5656 deser
999 5602 1031 5653 N¹
