4536 6196
962 319 1166 379 APPENDIX.

589 535 663 580 nam
686 512 765 580 mihi
789 512 975 579 Bertharius
998 519 1106 599 pater,
1131 513 1181 578 illi
1203 512 1492 578 Hermonefredus:

674 617 838 701 germanis
860 617 962 700 geniti
984 636 1044 682 nec
1066 635 1176 682 sumus
1199 617 1276 682 orbe
1298 615 1380 701 pari.

423 767 428 775 .
506 743 536 781 ιι
589 721 640 800 vel
663 727 716 802 tu,
742 739 955 804 carentanos,
982 719 1144 803 placidum
1168 718 1248 784 milri
1270 718 1370 785 redde
1392 719 1604 804 propinquum

675 831 709 889 et
730 822 775 888 sis
797 841 905 888 amore
928 841 1020 888 meus
1042 822 1130 905 quod
1151 822 1212 887 fuit
1234 822 1290 888 ille
1313 822 1419 907 prius,

588 945 703 1009 meque
725 925 918 992 monasterio
941 925 1049 991 missis
1072 945 1149 1008 rogo
1172 945 1269 1010 saepe
1293 925 1438 1007 requiras

674 1051 712 1096 ao
734 1036 841 1096 vestro
863 1028 986 1095 auxilio
1009 1035 1071 1095 stet
1093 1030 1183 1094 locus
1204 1027 1267 1095 iste
1290 1027 1367 1110 deo,

589 1140 624 1198 ιιι
645 1153 717 1199 oum
740 1140 841 1199 matre
864 1131 921 1216 pia
942 1131 1034 1198 vobis
1056 1132 1138 1198 haec
1160 1152 1237 1197 eura
1259 1131 1410 1217 perennis

504 1257 535 1296 ro
674 1236 777 1320 possit
797 1235 831 1301 in
853 1234 1009 1319 astrigero
1033 1235 1167 1301 reddere
1190 1235 1290 1319 digna
1311 1235 1435 1301 throno.

588 1360 673 1405 nuuc
694 1339 841 1405 dominus
863 1338 983 1405 tribuat
1005 1338 1096 1404 vobis
1119 1338 1268 1404 felicibus
1290 1346 1326 1403 ιιι
1348 1339 1391 1404 sit

675 1461 827 1528 praesens
850 1443 943 1525 large
965 1442 1073 1523 selus,
1098 1441 1157 1506 illa
1179 1441 1287 1507 future
1309 1441 1420 1508 decus.

1046 1787 1091 1851 lv

825 1925 965 2002 Versus
992 1926 1038 2000 ad
1066 1923 1312 2023 Sigimundum
1367 2019 1368 2028 ἵ

589 2098 798 2166 Christicolas
820 2097 945 2162 animas
968 2097 1049 2162 haec
1071 2097 1199 2162 conscia
1222 2117 1299 2162 cura
1320 2097 1453 2181 fatigat,

674 2209 710 2268 ut
732 2201 816 2266 circa
839 2206 970 2266 cunctos
994 2207 1057 2266 stet
1079 2201 1148 2266 sine
1171 2200 1246 2266 labe
1268 2201 1368 2266 salus.

588 2313 639 2371 ast
660 2325 720 2389 ego
743 2325 820 2390 prae
843 2303 976 2388 reliquis
999 2304 1115 2369 circum
1139 2310 1195 2370 tua
1217 2304 1339 2368 lumina
1361 2302 1506 2389 pendens

673 2408 729 2492 qui
750 2407 839 2474 venit
860 2415 956 2492 atque
979 2406 1062 2473 redit
1083 2414 1229 2492 prompta
1252 2406 1377 2491 requiro
1399 2407 1568 2491 frequens:

522 2536 535 2574 a
588 2511 735 2578 sollicitis
757 2510 859 2576 oculis
881 2510 1050 2577 volitantia
1072 2509 1174 2576 flabra
1195 2529 1341 2592 recurro,

674 2614 802 2698 quando
825 2615 878 2680 vel
900 2613 986 2680 unde
1008 2613 1056 2679 tui
1078 2613 1203 2680 nuntiet
1224 2632 1304 2678 aura
1325 2613 1411 2680 boni.

587 2719 648 2783 hoo
675 2718 753 2800 [tibi]
780 2717 953 2801 praecipue
975 2736 1065 2796 mea,
1093 2714 1216 2797 dulcis,
1242 2715 1382 2800 epistula
1404 2715 1528 2800 signet,

672 2821 760 2904 quod
782 2818 991 2902 doloresque
1013 2826 1117 2885 metus
1141 2819 1182 2884 sit
1203 2827 1277 2885 tuus
1300 2820 1356 2885 ille
1379 2840 1488 2886 meus:

588 2933 621 2990 et
641 2924 719 3007 quia
741 2941 800 2988 noa
822 2921 929 2987 animo
952 2922 1119 3005 cognoscis
1142 2941 1268 2988 currere
1290 2931 1414 3006 tecum,

504 3052 533 3090 ro
673 3027 729 3092 det
751 3026 791 3092 do
814 3031 845 3092 te
867 3025 1020 3091 incolumi
1041 3025 1162 3109 pagina
1184 3024 1285 3090 missa
1308 3025 1416 3091 fidem.

1056 3371 1083 3436 V

832 3481 896 3586 De
915 3510 1195 3586 Childeberotho
1221 3533 1309 3608 rege

591 3684 660 3748 Rex
683 3679 824 3766 regionis
846 3701 932 3765 apen
955 3687 988 3747 et
1010 3700 1108 3766 supra
1129 3701 1231 3764 regna
1253 3681 1416 3767 regimen,

676 3785 733 3868 qui
754 3791 850 3870 caput
873 3804 908 3850 es
931 3784 1089 3870 capitum
1116 3785 1166 3850 vir
1188 3785 1326 3870 capitale
1350 3786 1485 3866 bouum,

589 3894 847 3955 ornamentorum
870 3894 1018 3970 ornatus,
1045 3887 1188 3954 ornatius
1211 3908 1347 3970 ornans,

675 3992 730 4076 qui
753 3991 854 4058 decus
876 3999 973 4075 atque
996 3990 1114 4058 decens
1136 4000 1251 4058 ounota
1274 3992 1425 4058 decenter
1447 3991 1537 4076 ogis,

523 4121 536 4160 ι
590 4095 715 4181 primus
736 4102 768 4161 et
790 4116 811 4160 a
832 4093 963 4181 primis,
990 4093 1077 4179 prior
1097 4101 1129 4160 et
1152 4094 1344 4180 primoribus
1366 4094 1465 4180 ipsis,

675 4199 731 4283 qui
753 4204 846 4284 potes
867 4197 938 4283 ipse
960 4203 1093 4282 potens,
1118 4218 1213 4280 quem
1236 4199 1326 4265 iuvat
1347 4199 1564 4284 omnipotens,

574 4302 698 4382 ¹dulcia
721 4301 904 4382 delectans,
931 4299 1037 4366 dulcis
1059 4300 1179 4368 dilecta
1200 4308 1360 4387 potestas,

676 4425 751 4491 spes
773 4404 858 4470 bona
878 4405 932 4471 vel
954 4403 1100 4488 bonitas,
1126 4403 1167 4470 de
1189 4404 1331 4470 bonitate
1353 4405 1472 4484 bonus,

591 4509 687 4592 digne
709 4527 770 4573 nec
790 4505 982 4592 indignans,
1009 4507 1124 4596 dignos
1147 4506 1291 4590 dignatio
1314 4505 1469 4592 dignans,

508 4635 537 4674 ro
676 4611 789 4676 florum
811 4609 870 4677 flos
892 4609 1027 4692 florens,
1053 4610 1153 4676 florea
1174 4609 1252 4677 flore
1274 4609 1394 4692 fluens,

324 4947 357 4998 ³³
376 4942 592 5012 hermenefredns]
609 4943 803 4993 hermenfredus
822 4942 855 5004 Σ,
875 4943 1065 4992 ermenefredus
1083 4943 1125 4993 Br.
1228 4943 1261 4992 3⁴
1280 4946 1344 5006 petri
1364 4943 1389 4992 Σ
1476 4942 1508 4992 35
1526 4957 1608 5008 nepus
1626 4943 1658 4994 ΣΙ
1748 4944 1780 4995 36
1800 4959 1882 4995 meum

256 5033 281 5084 Σ
384 5033 414 5083 fl
436 5033 553 5083 dominus
571 5032 668 5080 tribuet
686 5025 722 5096 Σ]
740 5029 800 5077 ιιιιιιι
819 5029 954 5078 ἀιιιιιιιιιι
972 5029 1016 5079 Br.
1122 5029 1216 5079 ιιιὸιιι.
1235 5031 1305 5079 mi
1322 5031 1374 5078 vsi
1393 5029 1418 5078 Σ

323 5121 360 5171 lv
376 5118 413 5181 ef.
431 5119 490 5182 VH,
504 5119 547 5169 20.
562 5119 592 5166 21
700 5114 725 5163 Σ
741 5113 764 5176 f.
785 5112 832 5163 ιδ’
936 5129 1081 5164 srerrrruno
1100 5114 1136 5163 Σι
1239 5117 1375 5179 ιριιιιιιιι
1394 5115 1419 5164 Σ
1523 5116 1605 5166 itfbl
1623 5131 1671 5168 orn.
1686 5117 1721 5166 2¹
1826 5120 1882 5180 epl-

255 5209 321 5258 stols
340 5205 364 5254 Σ
468 5203 633 5265 aoognuuu·
650 5200 686 5249 ΣΙ
794 5201 824 5251 lo
841 5203 957 5252 lneoloml
977 5201 1011 5249 Σ1
1115 5202 1207 5253 eubaea
1228 5215 1350 5252 nunrerr

323 5290 348 5339 V
453 5289 478 5340 Σ
494 5289 517 5350 f.
537 5286 585 5338 ιδ’
602 5287 646 5336 loe
663 5289 752 5337 titulo:
778 5301 812 5336 nn
830 5301 892 5337 cum
911 5301 945 5337 nn
963 5301 1047 5336 nunno
1065 5302 1135 5336 anes
1239 5289 1316 5338 edldlt
1336 5289 1380 5352 (M)
1404 5289 1567 5338 Mutillonlus
1588 5291 1710 5351 [Ammo.
1729 5301 1757 5351 ρ.
1771 5289 1822 5340 ³87
1841 5291 1879 5340 ed.

254 5393 280 5432 o.
296 5378 370 5441 1723)
393 5379 437 5428 ‘ex
454 5375 536 5426 codice
554 5375 715 5423 Virdummlr
732 5375 839 5424 coenobii
857 5378 937 5423 suncti
955 5375 1046 5438 Vitem,
1065 5375 1095 5424 ob
1113 5379 1189 5426 onnia
1206 5377 1258 5438 fere
1269 5379 1322 5426 800
1337 5378 1458 5439 (mulceto
1471 5375 1548 5425 eursu
1559 5391 1585 5427 o.
1602 5379 1676 5435 1675)
1691 5390 1770 5426 monn
1782 5380 1879 5438 meleto,

254 5467 281 5514 ln
298 5477 347 5526 otro
367 5463 495 5526 Tteodrdfl
512 5463 625 5510 ιιιιιιιιιια
642 5461 810 5510 condecores·
828 5461 871 5510 loc
889 5461 977 5510 titulo:
1004 5461 1123 5511 Venautll
1143 5462 1273 5513 Fortunetl
1292 5475 1382 5512 uersus
1401 5463 1430 5510 sd
1450 5461 1640 5512 childebertum
1658 5475 1741 5525 regem
1761 5461 1882 5525 Slglbertl

253 5563 275 5601 r.
290 5551 378 5600 tillem.
394 5550 449 5600 liar
461 5549 570 5598 saeuum
585 5547 645 5608 X‚9
734 5544 842 5610 lsupra
855 5543 899 5614 Μ]
917 5547 1030 5608 superS
1116 5545 1279 5614 ldecenter]
1297 5547 1454 5597 decentesl'
1546 5546 1883 5600 ldlleotensllfommsems

254 5635 271 5684 a
288 5632 387 5701 dignos]
404 5636 497 5694 dignus
517 5631 572 5681 ΣΜ
677 5633 707 5680 ill
725 5633 811 5681 florum
832 5631 876 5699 M]
894 5635 976 5682 florem
996 5634 1020 5680 Σ
