4456 6202
939 361 1167 418 Psoorsttlvrt.

792 726 853 808 lll.
887 725 997 810 vttr
1028 727 1064 810 S.
1092 723 1312 807 llllllblllll.

322 917 397 984 Vita
419 917 452 982 S.
472 891 618 983 Medardi
634 914 902 983 Veromandensis
925 915 1069 1001 episcopi
1092 934 1154 1000 quo
1176 913 1246 979 inre
1267 915 1441 980 Fortunato
1463 913 1663 996 attribuatur,
1690 915 1865 998 quaeritur.

236 1039 348 1104 Codioi
370 1037 589 1105 vetustissimo
611 1035 796 1104 Monacensi
820 1035 968 1102 clausula
991 1035 1137 1102 subiecta
1159 1041 1208 1101 est
1228 1033 1365 1101 haecce:
1399 1038 1583 1100 Fortunatas
1602 1038 1776 1119 praesbiter
1797 1061 1869 1104 con-

232 1162 335 1242 posuit
356 1160 431 1222 baec
453 1162 517 1223 vita
540 1160 587 1222 cet
609 1168 696 1224 actas
718 1159 819 1223 sancti
840 1157 1000 1238 Medardi,
1031 1176 1127 1240 quam
1155 1153 1322 1222 Fortunati
1344 1174 1474 1222 carmen
1495 1154 1538 1239 II,
1569 1159 1607 1220 16
1637 1156 1723 1238 quod
1752 1164 1802 1224 est
1829 1157 1869 1225 de

236 1283 347 1345 sancto
369 1277 523 1346 Medardo
546 1277 699 1362 seqnitur.
746 1277 818 1345 Huc
840 1276 976 1361 accedit,
1002 1277 1088 1361 qnod
1110 1275 1353 1343 Suessionensis
1373 1273 1506 1359 quidam
1528 1295 1614 1343 saec.
1632 1276 1683 1342 IX
1709 1277 1787 1358 (An.
1806 1278 1866 1346 SS.

236 1401 268 1464 8.
286 1399 358 1465 lun.
383 1399 426 1481 ll,
446 1401 497 1484 82]
524 1399 634 1466 Vitam
648 1397 796 1466 Medardi
819 1399 1030 1464 asonunatu
1052 1395 1212 1465 conditam
1228 1415 1301 1463 esse
1315 1394 1367 1462 his
1383 1395 1490 1462 verbis
1506 1401 1655 1464 testatur:
1684 1402 1868 1464 Fortunatas

234 1523 357 1584 natione
379 1523 479 1585 Italas
504 1521 664 1603 presbyter
686 1522 894 1584 Ravennenais
923 1540 977 1583 eno
1008 1529 1139 1603 ternpore
1167 1518 1393 1582 eruditissimas
1422 1538 1464 1580 eac
1485 1522 1635 1582 Ravenna
1653 1522 1866 1604 proprediens,

237 1643 412 1706 Galliarum
442 1644 518 1724 fines
549 1661 677 1725 perepre
709 1642 833 1720 adiens,
873 1642 1045 1705 Pictavensi
1076 1660 1152 1703 rnre
1184 1640 1367 1704 commodam
1401 1639 1461 1703 sibi
1489 1639 1597 1724 delepit
1624 1641 1735 1704 babere
1762 1645 1869 1707 statio-

234 1783 302 1825 nem
323 1799 366 1808 —-
388 1799 429 1808 -
453 1799 507 1825 -.
554 1765 689 1844 Denique
718 1769 844 1845 reputat
874 1762 912 1824 ab
940 1763 1040 1825 eodem
1070 1761 1240 1824 venerabili
1264 1763 1402 1843 pontifice
1432 1757 1598 1844 [Gregorio
1627 1759 1752 1828 scilicet
1772 1765 1864 1846 Tun]

234 1884 328 1947 edidit
346 1885 500 1967 perplura
521 1884 670 1966 opnscnln
693 1884 830 1946 manime
852 1891 945 1946 metro
969 1883 1077 1946 indens
1099 1882 1136 1945 de
1158 1883 1222 1945 vita
1244 1889 1271 1944 et
1293 1881 1458 1945 virtutibus
1476 1890 1663 1962 sanctornm,
1690 1886 1769 1947 inter
1791 1905 1869 1969 puae

234 2013 261 2067 et
288 2006 381 2067 vitam
410 2006 538 2088 pluriosi
564 2013 592 2067 et
623 2024 690 2067 cnm
713 2005 796 2066 omni
816 2006 990 2067 reverentia
1012 2004 1191 2065 nominandi
1211 2003 1326 2066 domini
1346 2005 1445 2066 nostri
1466 2003 1609 2068 Medardi
1629 2007 1778 2068 succincte
1800 2007 1870 2088 pni-

233 2125 300 2187 dem
323 2133 386 2188 tam
405 2145 502 2207 prosa
525 2145 618 2210 mant
642 2126 780 2189 versibus
803 2125 857 2189 aed
878 2133 979 2186 tamen
1003 2125 1152 2188 luculento
1175 2143 1313 2187 samone
1331 2125 1531 2206 perstrtnnit.
1578 2122 1669 2189 Idem
1695 2124 1779 2191 alter
1800 2145 1869 2191 mo-

233 2243 357 2310 nachus
379 2242 625 2310 Suessionensis
647 2243 781 2310 tradidit
807 2244 861 2325 (dn
882 2242 970 2322 Bois,
997 2243 1083 2309 Bibl.
1108 2242 1246 2309 Florian.
1271 2265 1304 2328 p.
1334 2246 1424 2329 150):
1459 2245 1604 2324 eiusdem,
1629 2243 1741 2327 inquit,
1765 2249 1868 2329 patrie

233 2363 328 2428 vitam
352 2374 445 2428 metro
468 2374 495 2428 et
517 2368 677 2429 artissima
699 2366 791 2430 edidit
813 2368 949 2428 oratione
972 2369 1170 2429 Fortunatus.
1209 2365 1343 2450 Propter
1364 2364 1446 2432 haec
1467 2363 1652 2430 testimonia
1674 2383 1746 2430 cum
1769 2364 1868 2451 pleri-

232 2505 295 2568 que
317 2482 424 2551 Vitam
445 2484 593 2552 bledardi
615 2507 636 2552 a
656 2485 831 2552 Fortunato
854 2484 1062 2571 compositam
1084 2503 1158 2552 esse
1182 2484 1384 2569 contendant,
1410 2484 1489 2551 mibi
1513 2485 1732 2582 quaestionem
1754 2485 1867 2552 iterum

232 2605 382 2692 tractanti
404 2625 456 2674 res
479 2606 575 2672 aliter
596 2625 632 2672 sc
654 2606 775 2673 babere
797 2606 934 2674 videtur.
981 2605 1150 2673 Fortunati
1172 2625 1301 2673 carmen
1323 2606 1365 2688 II,
1397 2608 1435 2670 16
1458 2606 1487 2673 si
1509 2627 1581 2673 cnm
1604 2606 1678 2673 Vita
1700 2626 1868 2691 compara-

232 2723 334 2808 veris,
350 2817 351 2820 *
367 2725 539 2812 intelleges
562 2726 727 2814 complura
748 2727 794 2794 ibi
816 2727 921 2794 insius
943 2725 1048 2794 relata
1069 2726 1122 2792 hie
1143 2705 1362 2794 tantummodo
1384 2725 1572 2813 perstringi,
1600 2699 1641 2794 nt'
1656 2725 1866 2812 compedibus

232 2845 340 2928 vinefi,
369 2847 504 2930 debiles,
531 2847 620 2914 caeci
641 2847 676 2913 iu
697 2847 804 2933 viat
822 2849 948 2914 33-35
971 2866 1083 2914 versus
1106 2867 1226 2933 paucos
1249 2855 1417 2934 occupant,
1442 2849 1476 2915 in
1491 2847 1632 2915 carmine
1647 2848 1689 2929 II,
1714 2851 1763 2931 16,
1782 2851 1868 2911 77-

236 2969 296 3031 156
325 2968 436 3035 multis
465 2968 574 3036 verbis
602 2976 802 3036 enarrantur.
854 2970 893 3036 ln
923 2969 1090 3055 sepultura
1116 2968 1219 3035 saneti
1249 2969 1335 3053 quod
1362 2967 1556 3037 Fortunatus
1587 2988 1734 3051 mecum,
1773 2968 1867 3035 Vitae

232 3087 366 3173 scriptor
388 3089 520 3155 surdum
544 3097 692 3157 sanatum
715 3109 788 3156 esse
810 3089 966 3156 asseruit:

386 3227 517 3294 nortun.
543 3248 642 3294 earm.
667 3229 716 3310 Η,
747 3231 796 3308 ro,
824 3231 876 3293 or.
1382 3227 1457 3294 vin
1479 3247 1507 3294 ο.
1537 3231 1586 3293 13.

276 3368 343 3410 cnm
370 3351 426 3432 pia
456 3353 616 3433 coraposito
647 3350 829 3413 vellerentur
858 3351 993 3412 membro
1106 3357 1178 3412 tnnc
1197 3349 1314 3412 obviant
1333 3351 1429 3412 tabiit
1447 3357 1552 3414 sancto
1572 3350 1725 3413 damnatis
1741 3351 1866 3411 auriam

479 3454 607 3536 feretro,
1106 3453 1223 3516 dndrtm
1246 3453 1380 3517 aditibus
1402 3454 1518 3517 snrdns
1540 3454 1664 3538 puidam
1686 3473 1862 3517 occurrens.

317 3555 492 3620 substratae
511 3559 623 3620 meruit
640 3576 749 3621 coecin
768 3558 881 3620 babere
900 3557 990 3619 dien.
1186 3566 1188 3570 '

232 3691 388 3776 explicari
416 3691 471 3759 vix
501 3699 626 3779 posset,
659 3694 688 3760 si
718 3713 800 3760 nnus
828 3692 979 3776 idemque
1008 3699 1177 3777 ntmmque
1208 3692 1401 3780 scripsisset.
1447 3695 1561 3760 Insunt
1582 3692 1711 3779 quidem
1733 3693 1767 3759 in
1791 3693 1866 3760 Vita

231 3814 398 3899 complura
419 3834 503 3898 quae
524 3813 558 3881 in
581 3814 721 3881 carmine
743 3836 807 3881 non
831 3813 1042 3900 reperiuntur,
1069 3813 1127 3880 sed
1149 3814 1221 3900 ipso
1244 3813 1378 3900 scriptor
1400 3815 1494 3882 Vitae
1516 3815 1582 3881 iam
1606 3835 1684 3882 usus
1707 3821 1774 3882 est:

377 3953 510 4020 Fortun.
535 3974 633 4020 carm
657 3953 701 4037 Π,
731 3955 780 4036 16,
812 3955 882 4017 161.
1379 3952 1455 4020 Vita
1477 3973 1505 4020 c.
1534 3958 1584 4019 15.

274 4094 311 4136 en
338 4083 393 4138 tna
420 4076 533 4159 templo
560 4078 629 4140 colit
658 4077 750 4138 nimio
779 4075 990 4159 Sipeberetbne
1103 4083 1131 4138 et
1157 4077 1382 4139 clementissimi
1405 4075 1574 4160 Sipcbertbi
1600 4077 1752 4160 prtondam
1782 4081 1863 4162 repis

480 4199 594 4260 amore,
1103 4181 1319 4261 senpiternam
1346 4181 1504 4261 reputent
1532 4189 1729 4263 praestare
1751 4183 1863 4266 dipac-

360 4283 502 4346 inaistens
525 4286 611 4365 operi
625 4291 786 4366 promptas
806 4301 910 4344 amore
932 4284 986 4346 tni.
1103 4291 1202 4364 retur,
1229 4289 1377 4366 qnatenus
1402 4286 1457 4367 pai
1475 4285 1579 4365 templi
1596 4288 1662 4348 eins
1684 4289 1787 4368 spatia
1807 4287 1862 4349 de-

274 4385 435 4448 culmina
463 4388 606 4450 custodi
626 4390 681 4471 pnt'
703 4387 845 4469 temptant
868 4387 900 4448 in
922 4387 990 4450 onl-
1104 4395 1191 4449 cotue
1213 4387 1380 4449 antetdens
1403 4388 1445 4450 ad
1459 4389 1584 4450 encelsa
1597 4389 1718 4473 foetipii
1732 4393 1863 4474 tipmeaa

480 4492 560 4553 taine
581 4491 684 4571 dnoeit,
1102 4498 1277 4572 sumptuoso
1300 4491 1405 4553 decore
1424 4491 1585 4572 perdnon‘t,
1613 4494 1713 4556 eodem
1735 4496 1864 4557 interce-

355 4599 478 4676 protepe
508 4613 566 4676 pro
596 4596 714 4657 meritis
745 4594 799 4676 pai
827 4592 882 4656 tibi
911 4601 989 4657 tecta
1103 4594 1208 4674 dente,
1246 4601 1366 4656 ennato
1394 4595 1525 4657 eulmine
1554 4597 1634 4678 repii
1661 4597 1857 4674 deadematis,

479 4696 572 4760 dedit.
1100 4697 1348 4779 praetendantur
1371 4706 1492 4780 sceptra
1514 4701 1617 4782 repioe
1637 4702 1805 4781 potestant.

229 4830 413 4898 Lectionem
428 4837 561 4917 reputem
574 4843 718 4918 prestare
732 4853 789 4919 pro
804 4835 940 4898 arlatino
955 4835 1074 4898 ennodi
1093 4853 1111 4900 e
1128 4833 1177 4899 Ba
1192 4834 1258 4900 Leo
1273 4831 1382 4899 attolit
1395 4853 1499 4918 neque
1514 4833 1605 4901 alind
1620 4835 1861 4922 hagiographos

228 4951 262 5016 in
284 4950 394 5018 codice
417 4952 593 5019 carminum
616 4975 678 5038 quo
700 4973 778 5022 usus
800 4959 850 5021 est
871 4954 1031 5040 reperisse
1053 4952 1192 5021 videtur.
1232 4955 1291 5022 Est
1313 4961 1419 5022 antem
1436 4956 1484 5021 Ba
1506 4955 1645 5042 pessime
1664 4956 1861 5043 depravatus

228 5079 325 5156 atque
354 5071 577 5159 interpolatus.
624 5074 715 5142 Idem
744 5073 897 5141 carminis
923 5081 1030 5141 textas
1057 5074 1092 5141 in
1118 5075 1338 5143 remotissimo
1360 5075 1545 5143 Monacensi
1567 5077 1674 5143 Vitam
1704 5079 1856 5163 sequitur,

228 5192 314 5259 nude
336 5213 375 5260 eo
397 5194 502 5279 magis
523 5194 731 5279 intellegitur,
757 5195 865 5280 ipsum
888 5215 909 5260 a
931 5196 1084 5282 scriptore
1099 5197 1193 5264 Vitae
1214 5196 1395 5263 adhibitum
1418 5216 1502 5265 esse.
1541 5197 1715 5265 Clausulae
1738 5206 1855 5284 antem,

226 5313 260 5379 in
283 5335 348 5398 qna
368 5314 563 5382 Fortunatus
585 5315 754 5402 presbyter
779 5315 877 5381 ‘haec
898 5316 966 5383 vita
988 5316 1042 5383 vel
1064 5324 1155 5384 actus
1178 5318 1281 5385 sancti
1302 5317 1466 5384 Medardi’
1490 5319 1707 5405 composuisse
1730 5320 1856 5406 dicitur,

227 5455 306 5502 cave
328 5456 370 5502 ne
392 5434 526 5500 nimium
548 5436 687 5503 tribuas:
715 5441 828 5501 anetor
850 5435 936 5501 enim
958 5458 1000 5504 ex
1022 5437 1143 5505 ultimis
1165 5438 1332 5505 Fortunati
1354 5438 1500 5506 versibus
1523 5459 1594 5506 eam
1616 5441 1832 5528 transcripsit:

632 5558 716 5639 boec,
739 5557 801 5638 pie,
824 5576 927 5637 panca
945 5560 1051 5642 serena
1074 5579 1125 5645 epo
1149 5563 1335 5624 Fortunatas
1358 5581 1462 5624 amore

719 5658 875 5721 annilina
895 5681 1004 5742 posco:
1028 5663 1070 5726 da
1091 5663 1166 5727 mibi
1187 5672 1266 5746 vota,
1288 5684 1410 5747 precor.

306 5777 437 5822 tanturm
451 5777 609 5822 Famosum.
1634 5785 1653 5840 d
