4336 6262
334 313 375 373 no
538 324 542 332 ·
640 304 837 362 orvscvnu
856 303 1054 362 vauauuro
1073 303 1302 362 rosuvuuso
1320 304 1424 362 uana
1443 279 1666 362 auuuravua

334 496 516 577 confitetur,
549 495 667 561 deinde
697 502 845 580 arreptus
874 517 895 560 a
923 495 1093 561 daemonio
1123 495 1238 579 fugere
1266 495 1392 574 nititur,
1426 515 1466 560 ne
1497 503 1656 561 curetur.x
1683 495 1749 563 Sed
1776 496 1973 562 virbeatus

333 601 487 666 iariosum
525 617 584 682 per
611 598 782 664 exorcismi
811 597 954 682 graciam
985 597 1073 682 prius
1104 619 1124 664 a
1153 598 1310 665 daemone
1340 597 1489 664 liberavit
1519 606 1551 665 et
1579 599 1780 684 postmodum
1810 601 1852 665 ab
1882 599 1974 664 omni

334 703 465 770 crimine
496 711 624 788 recepto
651 702 742 768 asino
771 701 942 767 miseratus
972 701 1121 768 absolvit.
1175 703 1237 784 (50)
1265 701 1483 767 Veruntamen
1511 721 1568 786 pro
1597 707 1753 767 nocturna
1774 722 1871 786 quam
1894 721 1974 787 per-

333 826 449 892 pessus
471 806 577 873 iuerat
598 806 680 872 latro
702 804 831 885 iniuria,
857 823 939 869 neve
962 810 1037 871 voto
1060 803 1157 889 priori
1179 804 1359 889 privaretur
1381 824 1421 870 en
1444 811 1510 870 toto
1532 803 1586 888 qui
1609 805 1804 871 necessitate
1818 812 1975 890 coeperat

332 910 478 976 involare
501 929 564 975 non
586 908 673 989 vitio,
701 915 767 974 tres
789 907 839 972 illi
861 905 1012 972 sacerdos
1035 926 1150 973 aureos
1173 905 1263 972 dedit
1285 907 1395 990 sicque
1418 907 1554 973 libemm
1577 908 1667 973 abire
1689 908 1845 994 permisit.
1997 929 2012 970 s

245 1015 309 1080 XII
423 1014 483 1094 (51)
511 1013 658 1078 Matrona
690 1009 851 1094 quaedam
882 1009 1016 1092 nobilis,
1054 1009 1224 1095 praedives
1254 1010 1385 1094 opibus,
1423 1010 1583 1076 senatorio
1613 1030 1654 1076 ex
1683 1030 1804 1092 genere
1833 1011 1976 1077 oriunda

255 1181 257 1184 .
331 1116 459 1181 Amclia
487 1115 616 1180 nomine
645 1114 736 1198 gravi
766 1113 1143 1198 coeperatincommodo
1174 1113 1297 1196 urgeri.
1354 1112 1449 1190 Quod
1478 1133 1550 1179 cum
1579 1133 1638 1199 per
1667 1113 1836 1180 duodecim
1865 1133 1977 1181 annos·

331 1219 519 1305 pertulisset
539 1238 716 1301 omnesque
738 1216 806 1283 iere
829 1236 880 1282 res
904 1236 980 1282 suas
1001 1217 1035 1282 in
1057 1215 1255 1282 medicorum
1279 1216 1433 1301 expensis
1454 1216 1664 1301 impenderet,
1696 1219 1820 1284 nullum
1843 1218 1973 1284 incolu-

330 1321 451 1388 mitatis
474 1321 650 1387 remedium
674 1318 805 1402 assequi
828 1321 1021 1402 merebatur,
1048 1320 1106 1386 aed
1129 1326 1249 1404 quanto
1273 1319 1430 1386 curiosius
1448 1326 1548 1385 totum
1563 1321 1642 1386 artis
1657 1340 1736 1386 suae
1751 1321 1919 1404 ingenium
1935 1321 1975 1386 in

267 1410 270 1418 ¹
330 1425 421 1491 illam
443 1423 630 1509 impendere
653 1423 861 1504 studuissent,
888 1430 976 1488 tanto
999 1443 1127 1507 semper
1149 1422 1293 1488 deterius
1314 1421 1514 1488 incommodo
1537 1424 1743 1507 gravabatur.
1797 1426 1858 1507 (52)
1885 1423 1973 1490 Oum
1996 1443 2030 1484 ro

330 1528 395 1593 iam
426 1526 467 1593 de
497 1527 569 1593 eius
598 1526 737 1592 sanitate
768 1519 979 1611 desperantes
1008 1532 1160 1610 parentes
1188 1525 1292 1610 ipsius
1319 1526 1360 1591 de
1384 1526 1461 1592 solis
1485 1528 1670 1612 sepulturae
1692 1527 1884 1593 necessariis
1908 1527 1974 1592 ad-

331 1631 504 1697 monebant
532 1630 690 1696 dicentes:
723 1629 796 1694 Non
826 1628 911 1693 enim
941 1628 1094 1713 proficere
1125 1636 1232 1714 potest
1259 1629 1422 1713 periturae
1444 1631 1513 1696 ulla
1534 1630 1585 1695 via
1607 1629 1829 1696 medicaminis
1851 1630 1969 1710 nostri,

330 1740 397 1799 tum
427 1734 487 1799 illa
515 1733 620 1816 inquit
649 1731 780 1798 amicis:
812 1733 878 1812 lte,
911 1731 968 1813 ite,
1002 1732 1118 1798 currite
1148 1732 1333 1814 quantotius
1355 1731 1398 1797 ad
1419 1734 1549 1799 beatum
1571 1733 1676 1798 virum
1698 1733 1900 1815 Mamilium,
1938 1741 1975 1800 et

330 1839 358 1903 si
388 1837 533 1906 obtinere
564 1835 748 1921 potueritis,
783 1842 818 1900 ut
847 1835 888 1900 ab
918 1835 975 1900 illo
1006 1855 1132 1901 merear
1161 1835 1304 1917 visitari,
1338 1835 1463 1901 confido
1493 1835 1579 1920 quod
1607 1855 1666 1920 per
1693 1837 1785 1902 illum
1815 1837 1975 1903 restituar

330 1940 473 2005 sanitati.
541 1941 602 2024 (53)
634 1939 728 2013 Tunc
761 1945 911 2023 parentes
945 1938 1049 2023 ipsius
1082 1947 1115 2004 et
1146 1939 1243 2004 amici
1276 1946 1430 2024 praepete
1464 1958 1559 2005 cursu
1592 1959 1649 2025 pro
1682 1938 1804 2005 femina
1833 1939 1971 2006 beatum
1995 1961 2031 2000 ra

329 2042 514 2109 Maurilium
547 2041 698 2108 adierunt
731 2041 793 2126 piis
827 2041 977 2126 precibus
1005 2043 1222 2126 postulante-s,
1261 2050 1296 2109 ut
1322 2050 1488 2126 aegrotam
1516 2042 1638 2108 diutius
1667 2043 1875 2128 languentem
1906 2063 1974 2110 sua

330 2146 536 2212 miseratione
565 2144 722 2212 visitaret.
769 2143 831 2210 Ille
859 2144 915 2209 ubi
946 2144 1006 2210 hoc
1033 2144 1175 2227 audivit,
1210 2145 1419 2212 reminiscens
1446 2145 1529 2211 illud
1559 2145 1696 2212 dicentis
1724 2144 1843 2211 domini
1858 2129 1974 2212 ¹bene-

330 2249 468 2316 dictum:
503 2253 646 2330 infirmus
667 2249 719 2331 fui
739 2259 765 2311 et
787 2251 939 2312 visitastis
962 2269 1024 2328 nae,
1058 2267 1118 2314 nec
1149 2268 1238 2314 mora
1260 2248 1470 2334 proficiscitur
1491 2269 1563 2314 cum
1587 2248 1720 2315 eisdem.
1773 2251 1834 2332 (54)
1862 2250 1973 2316 Vento

330 2359 439 2419 autem
467 2352 524 2417 illo
554 2351 598 2417 ad
627 2350 774 2434 domum,
812 2350 852 2416 de
881 2370 968 2416 more
998 2351 1129 2436 proprio
1159 2351 1249 2437 prius
1277 2353 1450 2438 prostravit
1479 2372 1514 2418 se
1543 2352 1586 2417 ad
1615 2353 1808 2434 orationem,
1847 2353 1972 2420 deinde

329 2475 461 2539 aegram
491 2454 636 2536 intuens,
670 2459 803 2538 accepto
832 2453 995 2520 benedicti
1013 2454 1089 2520 'olei
1117 2454 1240 2536 liquore
1271 2455 1417 2521 mulieris
1444 2456 1589 2522 membra
1618 2455 1778 2542 perunxit.
1826 2456 1972 2541 Expleto
1994 2473 2031 2516 ao

330 2577 470 2642 namque
492 2556 650 2623 unctionis
672 2556 778 2623 officio
800 2555 922 2623 femina
945 2558 1084 2624 surrexit
1104 2557 1291 2640 incolumis,
1318 2559 1429 2641 itaque
1452 2559 1613 2644 extemplo
1635 2560 1783 2626 restituta
1805 2567 1857 2626 est
1879 2562 1973 2626 sani-

329 2662 399 2742 tati,
426 2668 461 2726 ut
482 2660 562 2726 nibil
586 2667 721 2726 eatenus
743 2666 910 2746 putaretur
931 2660 1106 2745 pertulisse
1128 2661 1333 2727 incommodi.

227 2767 309 2833 XIII
424 2765 485 2848 (55)
513 2764 642 2828 Interea
668 2762 744 2829 dum
766 2762 886 2830 talibus
908 2763 1096 2829 virbeatus
1118 2763 1152 2829 in
1174 2763 1308 2850 praedio
1328 2765 1493 2831 Calonnae
1515 2764 1644 2832 floreret
1665 2765 1787 2832 meritis
1810 2773 1843 2832 ct
1865 2767 1973 2833 virtu-

328 2868 428 2950 tibus,
457 2868 534 2933 urbs
556 2865 732 2932 Andecava
753 2866 882 2951 proprio
905 2873 1034 2952 pastore
1056 2866 1261 2933 viduabatur.
1313 2871 1374 2952 (56)
1402 2870 1485 2934 Tum
1508 2869 1602 2954 plebs
1625 2869 1748 2934 urbana
1770 2869 1823 2934 vel
1846 2870 1972 2937 rustica

264 3049 269 3059 Ι
306 2990 389 3072 1ιιιιι
416 2989 480 3036 non
509 2977 542 3036 et
568 2969 719 3035 universa
740 2969 911 3053 nobilitas,
944 2970 1087 3036 collectis
1111 2971 1206 3036 etiam
1231 2971 1375 3054 undique
1398 2971 1637 3056 sacerdotibus,
1668 2972 1822 3039 inunum
1845 2992 1971 3040 venere
1995 2989 2030 3033 2⁵

328 3074 513 3153 concilium,
547 3072 771 3156 conquirentes
799 3073 873 3156 quis
903 3093 1012 3139 eorum
1036 3073 1188 3140 substitui
1211 3074 1346 3141 deberet
1366 3074 1400 3140 in
1422 3074 1606 3160 pontificale
1628 3075 1850 3141 ministerium.
1901 3075 1973 3143 Sed

327 3197 363 3244 re
392 3197 471 3243 vera
499 3183 556 3242 aut
584 3183 717 3243 ventoso
740 3175 919 3242 nobilitatis
941 3177 1054 3243 favore
1076 3185 1132 3244 ant
1154 3177 1301 3262 pecuniis
1324 3178 1489 3262 subrogati
1512 3180 1555 3245 ad
1577 3177 1660 3244 tanti
1682 3177 1834 3244 culminis
1857 3178 1973 3264 digni-

328 3287 427 3347 tatem
449 3280 581 3363 quidam
604 3280 687 3346 alios
710 3279 949 3365 praeferebant.
1002 3283 1062 3365 (57)
1090 3280 1235 3363 Ideoque
1254 3281 1401 3347 inunum
1416 3302 1480 3347 non
1495 3282 1648 3347 valebant
1661 3281 1771 3347 venire
1787 3280 1968 3362 decretum,

331 3404 370 3451 eo
393 3384 480 3468 quod
503 3382 600 3449 etiam
623 3382 776 3468 scriptum
801 3382 843 3448 sit
864 3402 924 3468 per
945 3383 1152 3469 prophetam:
1178 3388 1329 3448 Dominus
1351 3389 1407 3449 seit
1423 3389 1616 3470 cogitationes
1631 3385 1795 3464 bominum,
1821 3390 1973 3468 quoniam

328 3509 426 3552 vnnoe
449 3496 530 3567 sunt,
556 3486 744 3553 etiterum:
773 3488 860 3563 Quod
882 3507 942 3550 non
965 3497 1008 3552 cst
1031 3509 1051 3551 u
1073 3490 1127 3550 deo
1149 3490 1309 3552 consitium
1332 3507 1500 3571 numquam
1521 3490 1632 3570 poterit
1652 3489 1787 3552 atrabiliri
1801 3490 1856 3552 sed
1871 3492 1966 3552 solvi.
1992 3507 2027 3548 ao

416 3661 447 3712 18
467 3661 557 3710 Matth.
579 3659 621 3721 25,
642 3660 685 3710 36.
793 3658 1015 3724 29Ps.93,11.
1123 3661 1232 3712 tonet.
1255 3661 1279 3724 5,
1301 3661 1343 3712 38.

328 3904 416 3952 lectter
441 3916 500 3951 eum
525 3903 628 3952 daemon
652 3903 765 3965 reliquit.
802 3901 919 3962 Efiugato
942 3903 1038 3951 latrone
1062 3903 1277 3952 clementissimus
1300 3903 1378 3951 luder
1400 3917 1470 3952 reum
1494 3917 1568 3951 suum
1594 3908 1715 3966 reputans
1738 3916 1790 3952 non
1814 3904 1899 3954 iurem
1924 3905 1972 3954 sed

327 3989 468 4050 custodem,
496 3994 547 4038 tres
573 3990 596 4037 ei
620 4002 707 4038 aureos
732 3987 812 4048 dedit,
841 3991 927 4050 sicque
950 3995 977 4038 et
1000 3989 1095 4037 animal
1117 3991 1214 4052 recepit
1238 3994 1264 4038 et
1282 3990 1409 4039 hominem
1427 3990 1522 4052 absque
1541 3989 1629 4052 culpae
1647 4002 1712 4038 noxa
1729 3989 1759 4038 ad
1776 3991 1880 4054 propria
1898 3992 1972 4040 abire

329 4077 454 4138 permisit.

414 4159 498 4212 6-22
518 4159 688 4222 liupnobodus
705 4176 725 4210 c.
747 4163 794 4209 11.·
821 4160 935 4210 Matrona
962 4161 1065 4211 nomine
1089 4161 1189 4211 Amclta
1215 4175 1248 4210 cx
1276 4163 1354 4212 nobili
1382 4167 1486 4211 senatus
1514 4174 1605 4224 genere
1630 4163 1735 4210 veniens
1758 4162 1857 4223 longam
1884 4167 1972 4226 aegri-

327 4249 444 4298 tudinem
468 4249 606 4296 incurrerat
630 4251 657 4294 et
679 4259 724 4307 per
747 4259 825 4294 anuos
849 4246 981 4296 duodecim
1005 4247 1140 4296 tenebatur
1164 4247 1276 4310 quotidie
1294 4250 1484 4308 ingravescente
1501 4249 1595 4298 morbo.
1635 4247 1708 4296 'Iunc
1725 4253 1842 4310 parentes
1862 4249 1919 4298 eius
1939 4251 1973 4299 ad

327 4337 430 4384 beatum
448 4333 593 4383 Mauritium
617 4339 750 4396 precautes
772 4332 909 4393 accedunt,
936 4339 965 4381 ut
984 4346 1039 4382 eam
1057 4335 1206 4383 visitaturus
1225 4347 1268 4397 pro
1286 4335 1408 4384 mercedIs
1427 4347 1552 4397 supernae
1571 4347 1646 4384 causa
1663 4333 1752 4382 adesse
1770 4333 1884 4385 deberet.
1925 4336 1975 4384 Ti·

326 4434 398 4470 meus
424 4420 535 4469 sacerdos
559 4419 674 4468 futurum
697 4419 790 4467 domini
812 4417 949 4469 ludinantis
972 4421 1000 4468 in
1017 4420 1225 4470 immiserIcordes
1245 4420 1353 4470 dictum:
1384 4421 1504 4484 Infirmus
1523 4419 1565 4482 ful
1583 4425 1606 4470 et
1623 4433 1676 4470 non
1693 4421 1811 4468 visitastis
1828 4435 1883 4491 me,
1911 4435 1974 4472 cnm

325 4509 388 4572 ipsis
412 4506 444 4555 ad
468 4497 529 4555 eam'
547 4507 668 4569 perrexIt.
707 4506 741 4555 Et
759 4506 858 4554 domum
878 4507 1007 4567 ingressus
1024 4507 1068 4554 ubi
1087 4520 1163 4555 manu
1182 4520 1227 4555 aua
1245 4520 1303 4556 cum
1321 4508 1431 4557 oratione
1449 4507 1577 4556 unctlonis
1596 4507 1679 4556 oleum
1696 4507 1722 4554 in
1741 4511 1869 4567 aegrotam
1889 4508 1972 4573 indit,

325 4595 384 4643 ilico
408 4595 500 4658 mulier
522 4606 598 4656 super
619 4591 698 4655 pedes
722 4605 780 4642 suos
805 4593 877 4641 stetit
901 4599 927 4641 et
950 4593 1083 4641 incolumIs
1102 4594 1194 4654 gratias
1213 4593 1259 4643 deo
1277 4595 1342 4657 egit,
1371 4595 1437 4656 quod
1454 4607 1500 4656 per
1519 4599 1634 4643 sanctum
1651 4591 1795 4642 Manrillum
1814 4591 1973 4643 citissimam

326 4682 465 4744 recepisset
488 4681 636 4741 sanitatem,
664 4693 727 4741 quae
751 4681 822 4742 prius
847 4692 937 4740 magua
955 4693 988 4727 ex
1006 4681 1122 4741 partein
1140 4679 1250 4729 medicos
1267 4665 1399 4729 facultates
1417 4693 1476 4730 suas
1494 4679 1650 4743 perdiderat,
1677 4678 1745 4728 unde
1762 4677 1875 4726 remedIa
1894 4680 1973 4736 pulla

326 4773 463 4831 receperat,
482 4767 528 4816 sed
545 4773 572 4815 et
590 4766 703 4815 deterius
721 4768 747 4814 ci
764 4779 863 4828 semper
882 4766 1021 4827 coutIgerat
1038 4766 1065 4814 in
1084 4767 1233 4826 contagione
1251 4767 1340 4815 morbi.

412 4851 515 4902 23-30
534 4851 702 4913 Mopnobodua
720 4866 741 4901 c.
762 4852 810 4900 12.-
837 4851 901 4901 (lum
926 4851 1019 4901 talibus
1043 4853 1083 4901 vir
1107 4852 1202 4900 domiui
1227 4851 1360 4902 Maurillua
1383 4854 1411 4901 in
1432 4851 1586 4901 Gaiouuensi
1609 4853 1664 4900 vico
1688 4851 1834 4899 claresceret
1858 4862 1974 4900 conver-

325 4942 429 4991 sationis
452 4946 529 5003 atque
551 4939 725 4988 miraculorum
751 4939 907 5000 insignibus,
934 4939 1020 4988 evenit
1042 4945 1072 4988 ut
1089 4938 1238 4988 Andecavac
1263 4939 1373 4987 civItatis
1397 4938 1546 5002 episcopalis
1570 4937 1642 4986 sedes
1660 4935 1800 4985 nudaretur
1817 4949 1832 4982 a
1850 4943 1972 4998 pastore.

325 5029 402 5089 Ergo,
424 5032 454 5076 ut
471 5032 512 5076 est
530 5025 699 5086 consuetudo,
724 5025 864 5074 collectim
883 5039 963 5074 unum
982 5025 1121 5075 sacerdotes
1140 5031 1165 5074 et
1184 5030 1291 5074 cunctus
1309 5025 1418 5088 populus
1435 5025 1597 5085 conglobatus
1615 5023 1646 5072 ad
1665 5021 1875 5071 substituendum
1895 5038 1975 5086 prae-

326 5115 407 5164 sulem
425 5115 496 5177 quasi
515 5115 555 5162 vir
572 5126 639 5162 unus
658 5116 796 5175 coeperunt
817 5111 884 5160 intra
904 5124 931 5159 se
949 5113 1093 5174 mussitare,
1112 5114 1169 5174 quis
1189 5111 1220 5160 de
1238 5111 1276 5160 eis
1296 5112 1469 5174 pontificatum
1489 5112 1603 5174 accipere
1615 5111 1749 5174 potuisset.
1782 5105 1832 5156 Sed
1848 5111 1975 5161 variante

326 5202 429 5250 consilto
452 5207 478 5249 et
499 5214 543 5262 per
567 5201 658 5249 taverle
677 5199 785 5248 uoxIaIIs
804 5200 925 5246 scissuras
944 5200 970 5246 in
990 5198 1088 5247 diversa
1105 5199 1212 5260 partIte,
1240 5202 1306 5246 stare
1325 5211 1375 5246 nou
1392 5199 1476 5260 potuit
1499 5197 1568 5260 quod
1590 5212 1604 5245 a
1630 5197 1676 5246 deo
1700 5207 1749 5243 uon
1767 5193 1834 5255 init,
1862 5202 1893 5245 ut
1913 5211 1978 5260 pro-

325 5287 403 5350 pbeta
420 5288 469 5336 ait:
497 5287 662 5347 Cogitationes
680 5285 805 5334 mminum
822 5298 902 5333 sonae
920 5288 989 5334 sunt.
1027 5285 1195 5345 Eligebantur
1217 5285 1287 5335 euim
1311 5297 1362 5333 nou
1384 5284 1438 5332 veri
1461 5289 1590 5348 pastores,
1617 5280 1662 5331 sed
1687 5281 1730 5343 qui
1756 5280 1783 5328 iu
1809 5281 1868 5342 ipso
1887 5284 1978 5335 uitiato

327 5387 373 5421 sua
391 5386 440 5420 non
459 5373 518 5421 Iesu
537 5372 633 5421 Christi
651 5371 721 5420 lucra
739 5377 897 5434 quaererent,
919 5373 1013 5433 quique
1032 5371 1099 5432 quod
1118 5372 1238 5434 peritaset
1256 5372 1283 5420 in
1303 5370 1427 5420 dominico
1445 5383 1518 5432 grege
1539 5369 1645 5418 solidare
1664 5380 1713 5416 uon
1732 5370 1848 5428 possent.

327 5521 476 5528 .—-.-...
492 5521 564 5526 --Μ

415 5613 424 5662 l
447 5627 479 5663 ue
497 5608 609 5679 curetur]
628 5627 676 5662 om.
691 5612 714 5660 P
