4336 6262
815 339 1251 398 11111111111111111.
1809 344 1850 406 95

214 533 333 599 racuiis
362 539 599 614 coruscantem,
633 537 817 615 praestante
847 530 977 596 domino
1004 529 1211 596 1111111111
1234 529 1361 597 Christo
1391 530 1446 614 qui
1472 551 1546 596 eum
1568 537 1659 616 patre
1682 538 1714 597 et
1736 529 1851 615 spiritu

215 643 326 702 sancto
347 636 429 702 11111
451 642 483 701 11
504 641 620 719 regnat
642 633 845 718 omnipotens
867 633 947 700 deus
969 652 1029 718 per
1049 633 1176 700 infinita
1198 632 1330 699 saecula
1353 633 1565 699 saeculorum.
1611 634 1728 698 Amen.

306 741 367 822 1981
395 737 606 804 Sanctissimo
628 737 738 820 itaque
761 736 964 803 sacerdotum
978 735 1127 802 Maurilio
1150 736 1221 802 sedi
1244 736 1391 822 propriae
1414 736 1570 817 restituto,
1598 735 1674 820 quid
1694 734 1849 819 proximis
1873 735 1966 802 XVII

214 841 331 908 exinde
354 841 469 907 diebus
492 840 620 907 cuidam
644 839 779 924 contigit
800 839 841 905 ad
865 839 1094 906 declarandam
1117 839 1266 906 virtutem
1290 838 1463 921 antistitis,
1494 839 1581 922 quod
1603 847 1636 905 et
1656 840 1852 904 Fortunatus

181 965 194 1004 1
214 945 326 1026 edidit,
354 946 574 1013 adnectemus.
626 945 687 1029 (99)
714 942 773 1008 Vir
795 943 926 1026 quidam
949 963 1068 1009 avarus
1091 943 1232 1009 omnium
1255 943 1414 1009 malorum
1436 941 1545 1008 radice
1567 943 1741 1027 instigatus
1760 942 1852 1027 capi-

213 1048 325 1130 ditate,
352 1047 525 1114 1111111111
541 1045 654 1112 ordine
672 1051 802 1132 arrepta
823 1047 939 1127 securi,
967 1045 1021 1112 die
1044 1046 1207 1112 dominica
1229 1046 1345 1112 avidus
1368 1052 1517 1131 operator
1539 1045 1699 1112 extiterat.
1748 1046 1850 1124 Quem

213 1151 334 1217 securis
364 1149 532 1216 manubrio
561 1149 596 1214 iu
622 1149 771 1215 manibus
794 1149 937 1216 adhaese
960 1149 1039 1216 ultio
1062 1149 1170 1216 statim
1193 1148 1304 1214 divina
1326 1149 1523 1235 dampnavit.
1577 1149 1659 1230 [100]
1686 1147 1777 1215 idem
1800 1155 1850 1214 ta-

212 1272 287 1319 men
317 1253 506 1336 cogentibus
536 1251 699 1318 doloribus
730 1257 804 1337 post
825 1271 954 1344 menses
977 1252 1117 1336 quinque
1141 1259 1287 1318 sanctum
1309 1251 1494 1318 Maurilium
1517 1259 1673 1336 expetens
1697 1271 1775 1317 suae
1798 1271 1851 1316 or-

212 1356 320 1423 dinem
356 1356 472 1441 cuipae
506 1355 657 1422 flebiliter
689 1355 910 1421 confitebatur.
958 1355 1058 1422 cuius
1092 1355 1142 1421 vir
1173 1356 1289 1422 beatus
1322 1375 1395 1422 cum
1429 1354 1669 1441 paenitudinem
1700 1354 1845 1436 vidisset,

163 1479 192 1520 11
213 1466 389 1528 commotus
411 1458 525 1544 spiritu
549 1458 660 1524 dolere
683 1458 798 1544 111111.
851 1459 934 1542 (1011
963 1459 1029 1525 Sed
1052 1479 1124 1525 cum
1148 1459 1268 1526 1111111
1290 1459 1439 1524 manibus
1462 1458 1666 1525 manubrium
1689 1457 1851 1542 tetigisset

213 1561 351 1646 securis,
383 1562 460 1628 iiico
483 1562 603 1627 laxatis
626 1560 733 1628 nervis
757 1568 789 1627 et
810 1561 943 1628 directis
966 1561 1077 1646 digitis
1099 1562 1249 1645 omnique
1272 1562 1384 1645 fugato
1407 1561 1534 1644 dolore,
1567 1581 1682 1628 manus
1703 1561 1850 1644 integrae

211 1665 435 1731 reformantur.
482 1665 537 1731 Sic
566 1671 674 1731 autem
703 1672 853 1750 operator
882 1665 1047 1752 improbus
1074 1665 1117 1731 ab
1147 1665 1367 1750 omnipotente
1397 1673 1558 1733 correctus
1587 1672 1620 1732 et
1640 1686 1661 1730 a
1684 1664 1850 1732 sacerdote

212 1767 384 1834 mundatus
406 1769 568 1853 propriam
591 1767 707 1834 aedem
729 1787 844 1853 sospes
867 1775 917 1834 est
939 1768 982 1834 ad
1005 1787 1107 1852 usque
1129 1787 1290 1835 reversus.

303 1873 386 1955 (102)
415 1871 500 1949 Quid
529 1879 638 1938 autem
668 1891 725 1956 pro
755 1871 913 1937 consimili
941 1872 1148 1955 neglegentia
1178 1872 1239 1937 sub
1261 1871 1342 1957 ipsis
1364 1872 1562 1957 temporibus
1584 1872 1679 1938 alteri
1703 1871 1844 1955 contigit,
1875 1869 1984 1935 XVIII

163 1996 193 2036 11
212 1973 390 2041 edicemus.
430 1974 585 2059 Belgicus
608 1974 739 2058 quidam
761 1973 890 2041 nomine
914 1975 1016 2059 primo
1039 1974 1093 2042 dle
1115 1975 1257 2060 paschae
1278 1975 1424 2060 proprias
1447 1981 1576 2059 segetes
1592 1975 1695 2040 servis
1709 1973 1848 2060 propriis

211 2077 382 2143 temerario
412 2077 482 2142 iure
511 2075 668 2144 mundare
698 2085 917 2162 praeceperat.
965 2077 1130 2162 blancipia
1158 2097 1234 2144 vero
1260 2097 1332 2144 cum
1355 2077 1450 2144 reniti
1473 2078 1657 2163 coepissent
1679 2097 1718 2144 ac
1741 2076 1848 2144 dicere

115 2203 140 2270 j
212 2187 323 2246 eontra
344 2180 567 2247 auctoritatem
590 2181 676 2262 fore,
705 2188 741 2246 ut
763 2179 817 2247 die
839 2180 999 2247 dominica
1021 2180 1153 2247 servilia
1175 2201 1275 2266 opera
1296 2187 1484 2264 agerentur,
1512 2179 1659 2246 dominus
1681 2200 1790 2247 eorum
1814 2187 1848 2245 ut

211 2283 245 2349 id
275 2291 409 2369 agerent
438 2284 544 2369 coegit
570 2284 700 2350 invitos.
752 2285 836 2367 (103)
863 2284 930 2350 Sed
960 2303 1031 2350 oum
1062 2289 1191 2368 segetes
1219 2283 1361 2368 ingressi
1389 2283 1467 2349 lolia
1497 2290 1530 2350 et
1550 2303 1698 2368 quaeque
1719 2282 1849 2348 inutilia

211 2386 330 2453 sarcire
353 2394 584 2472 temptassent,
610 2407 685 2452 mox
708 2386 861 2470 Belgicus
885 2387 1050 2453 oeulomm
1073 2387 1231 2454 caecitate
1252 2405 1443 2472 percussus,
1470 2393 1506 2452 ut
1527 2392 1641 2472 coepta
1663 2385 1849 2452 desererent

161 2497 244 2556 1111
272 2489 458 2573 quantotius
486 2490 732 2574 egrederentur,
766 2491 1015 2574 circumquaque
1043 2489 1207 2576 palpando
1238 2509 1397 2574 quaereus
1426 2489 1848 2576 1111111111111111111

211 2594 303 2659 daret
340 2593 609 2677 quemadmodum
638 2593 756 2659 reverti
784 2600 895 2677 posset
925 2591 968 2659 ad
997 2594 1142 2675 domum,
1176 2593 1333 2660 inmensis
1362 2593 1494 2659 vocibus
1523 2592 1686 2658 clamabat
1713 2591 1845 2659 invitus.

217 2699 300 2779 11111]
327 2697 408 2763 Cum
437 2703 546 2762 autem
576 2716 635 2781 per
663 2703 728 2762 tres
759 2714 861 2760 annos
890 2697 923 2761 11
948 2716 987 2762 11
1009 2696 1164 2763 caecitate
1187 2697 1375 2776 mansisset,
1411 2695 1487 2760 dum
1509 2696 1641 2762 beatum
1663 2695 1848 2761 Maurilium

211 2805 269 2884 pr'o
299 2799 462 2864 commissi
492 2799 553 2864 sibi
576 2798 687 2884 popuii
710 2798 906 2878 salvatione,
942 2805 978 2864 ut
999 2799 1158 2883 episcopis
1182 2800 1282 2865 moris
1304 2804 1370 2880 est,
1404 2798 1492 2864 11111
1515 2818 1554 2864 11
1576 2797 1672 2862 villas
1695 2798 1848 2864 1111111111

211 2899 373 2980 audisset,
400 2901 589 2985 cogentibus
612 2899 772 2967 continuis
794 2900 958 2967 doloribus
981 2901 1095 2967 sedule
1118 2909 1151 2967 11
1172 2900 1320 2967 (11111111
1342 2900 1531 2986 expetebat,
1563 2908 1598 2966 ut
1620 2900 1650 2965 ci
1672 2902 1725 2966 vei
1747 2901 1847 2967 vesti-

161 3023 192 3064 11
212 3010 354 3069 mentum
378 3003 555 3070 sacerdotis
577 3011 713 3087 tangere
734 3010 995 3088 praeparassent,
1022 3003 1196 3085 confidens,
1223 3003 1252 3069 11
1273 3003 1355 3069 illud
1376 3011 1511 3087 tangere
1527 3009 1712 3084 mereretur,
1739 3003 1847 3070 statim

211 3126 248 3174 se
273 3108 314 3173 ab
337 3105 522 3172 infirmitate
545 3105 705 3172 mundari.
760 3108 842 3189 1105)
870 3107 965 3186 Quod
987 3127 1060 3173 cum
1082 3107 1352 3193 praeparantibus
1374 3107 1485 3173 amieis
1507 3114 1642 3191 tangere
1664 3106 1843 3188 meruisset,

210 3229 285 3276 mox
316 3209 446 3294 dempto
476 3209 585 3276 dolore
609 3210 719 3275 iumen
741 3210 827 3293 quod
850 3230 909 3296 per
931 3210 1170 3295 neglegentiam
1195 3210 1349 3276 amiserat
1370 3210 1483 3275 merito
1506 3208 1682 3276 sacerdotis
1705 3209 1847 3293 recipere

211 3312 338 3380 meruit.
385 3313 455 3378 Nec
476 3320 585 3378 tamen
609 3312 761 3396 Belgicus
783 3331 867 3397 quae
890 3313 981 3399 prius
1004 3313 1206 3380 commiserat
1228 3333 1327 3398 agere
1350 3311 1485 3378 ulterius
1507 3312 1737 3396 praesumpsit.

302 3419 386 3498 (106)
412 3415 500 3481 iliud
530 3416 616 3481 enim
646 3416 788 3482 inserere
819 3416 948 3482 lectioni
971 3436 1089 3502 operae
1112 3416 1251 3503 pretium
1275 3415 1442 3496 duximus,
1476 3415 1563 3498 quod
1585 3435 1626 3481 ex
1648 3435 1711 3497 quo
1734 3416 1848 3481 beatus
1869 3419 1952 3484 XIX

161 3543 190 3581 11
210 3518 380 3584 Mauritius
411 3518 617 3603 episcopatus
640 3518 780 3604 adeptus
803 3527 853 3585 est
875 3519 1065 3603 dignitatem
1089 3539 1191 3605 usque
1214 3521 1256 3586 ad
1279 3519 1449 3586 terminum
1473 3519 1559 3586 vitae
1582 3538 1661 3584 suae
1684 3517 1754 3584 eius
1777 3539 1847 3586 me-

297 3815 381 3866 5-13
408 3813 580 3876 Mapactcdaa
598 3829 620 3864 e.
642 3818 692 3864 16.-
717 3814 769 3863 11
792 3816 1003 3877 praetereundum
1029 3821 1081 3879 eat,
1107 3816 1172 3878 quod
1197 3817 1302 3876 contigit
1325 3818 1352 3865 in
1377 3817 1485 3879 publico.
1524 3815 1561 3864 vt
1584 3828 1611 3865 ae
1635 3817 1662 3864 in
1685 3815 1773 3865 multia
1795 3815 1845 3865 hu

208 3915 283 3950 marra
308 3902 384 3950 tabet
408 3901 553 3965 cupiditas,
578 3901 680 3964 quidam
705 3903 744 3950 vir
766 3902 872 3962 agricola
896 3903 937 3951 dle
961 3903 1086 3952 dominico
1110 3909 1242 3966 assumpta
1263 3905 1344 3952 securi
1362 3908 1571 3965 praesumptuoso
1588 3902 1675 3951 ordine
1693 3903 1775 3965 coepit
1793 3917 1845 3950 ma-

209 3989 286 4037 nibus
313 3990 367 4038 suis
391 3989 500 4036 ruralem
521 4000 622 4050 operam
640 3987 753 4037 reddere.
792 3989 882 4038 Statim
901 4002 960 4037 eum
979 3990 1042 4038 uitio
1060 3990 1146 4038 diuina
1164 3989 1281 4038 manibus
1300 3989 1332 4038 ad
1350 3990 1434 4052 ipsum
1452 3991 1632 4038 ferramentum
1650 3989 1760 4038 astrictis
1777 3990 1845 4038 dam-

209 4076 288 4122 navit.
326 4075 386 4122 Post
404 4087 504 4123 meuses
523 4075 636 4137 quinque
655 4075 685 4123 ad
705 4079 820 4123 sanctum
838 4075 984 4124 Mauriiirrm
1002 4089 1139 4139 properans
1156 4081 1183 4125 et
1200 4088 1306 4138 poenam
1324 4075 1508 4124 demonstrarit
1526 4089 1596 4126 suam
1615 4079 1641 4124 at
1659 4075 1770 4124 ordinem
1789 4076 1845 4124 cui

209 4174 255 4222 pae
274 4161 404 4208 consessus
423 4165 470 4210 est.
502 4159 561 4209 lion
580 4167 610 4209 ut
628 4161 788 4210 manubrium
807 4162 905 4210 securis
924 4169 1025 4212 sauctus
1043 4163 1081 4210 vir
1099 4163 1232 4212 miseratus
1251 4163 1355 4211 anxium
1373 4164 1400 4210 iu
1419 4176 1521 4210 manum
1541 4175 1612 4212 auam
1630 4163 1734 4225 accapIt,
1755 4176 1845 4212 manua

208 4246 321 4293 damuati
344 4246 505 4294 resolvuntur
527 4253 554 4295 at
577 4253 608 4296 ut
630 4254 690 4297 ante
712 4248 815 4297 inerant
837 4249 865 4296 in
889 4261 953 4298 usus
978 4249 1159 4298 incolumitatis
1184 4255 1353 4298 revertuntur.
1392 4249 1466 4298 Radit
1484 4248 1557 4299 homo
1576 4252 1705 4310 correptus
1723 4262 1737 4296 a
1755 4247 1801 4298 deo
1819 4253 1846 4297 et

209 4345 223 4378 a
241 4330 368 4380 sacerdote
387 4343 431 4380 auo
449 4331 595 4382 mundatna.
1458 4371 1466 4386 .

297 4416 624 4478 11-11111111111111.
647 4423 696 4468 11.-
720 4421 771 4469 11
795 4421 867 4470 istud
890 4435 989 4484 quoque
1012 4424 1039 4470 iu
1065 4423 1190 4471 obliuione
1215 4435 1259 4484 per
1282 4421 1463 4470 taciturnitatis
1483 4426 1581 4470 uestrae
1600 4419 1780 4481 negligentiam
1797 4433 1844 4484 po

209 4515 268 4550 nere
286 4516 422 4564 possumus
440 4509 485 4552 ant
503 4503 634 4564 debemur,
654 4506 721 4567 quod
739 4507 801 4556 ailae
819 4521 907 4557 ruraua
926 4509 953 4556 in
972 4508 1096 4557 consimili
1108 4522 1134 4556 re
1148 4508 1243 4556 iactum
1255 4513 1296 4557 eat
1307 4507 1466 4557 miraculum.
1499 4506 1617 4568 Belgicus
1629 4506 1731 4569 quidam
1744 4508 1843 4555 nomine

208 4589 334 4651 mancipia
360 4603 406 4637 aua
426 4589 567 4653 primodie
585 4589 693 4662 paschae
711 4592 861 4641 crudentate
880 4600 907 4642 et
925 4594 1167 4643 araritIaaeduetua
1185 4601 1285 4655 segetes
1305 4608 1362 4642 suaa
1381 4593 1502 4642 mundare
1522 4595 1660 4656 praecepit.
1698 4592 1748 4642 Vbi
1765 4594 1844 4641 coacti

207 4675 351 4736 importuno
374 4677 480 4738 tmperIo
503 4677 592 4724 iamuli
618 4683 756 4738 coeperunt
778 4679 854 4728 nuxia
877 4681 990 4740 gramina
1013 4680 1135 4742 avallere,
1163 4682 1298 4730 confertim
1318 4681 1435 4729 dominus
1453 4693 1539 4729 eorum
1557 4680 1627 4743 prlus
1644 4681 1695 4728 iam
1713 4681 1740 4726 iu
1758 4684 1843 4728 mente

208 4761 346 4823 cupiditate
369 4775 459 4810 1111111
483 4763 612 4811 oculorum
636 4777 736 4826 quoque
758 4765 879 4814 caecitate
903 4780 1039 4828 percussua
1060 4772 1109 4817 eat.
1147 4767 1260 4816 Tandem
1284 4780 1339 4816 aero
1361 4767 1501 4830 impietatis
1528 4771 1555 4815 et
1579 4767 1758 4814 lrrerareutiae
1784 4778 1843 4814 suae

207 4847 341 4908 paenitens
359 4851 442 4908 rogat,
464 4853 493 4896 ut
511 4849 692 4910 egrederentur
709 4863 758 4898 nec
775 4850 857 4910 magis
875 4853 1055 4913 intempestivo
1071 4853 1152 4902 labora
1170 4854 1198 4901 in
1216 4854 1280 4902 aatIa
1298 4831 1459 4902 mundarent.
1498 4851 1566 4911 Quid
1584 4856 1668 4912 ageret
1684 4850 1779 4899 lnieiix
1796 4864 1842 4899 na-

207 4933 305 4995 aciena,
330 4946 379 4995 quo
402 4947 430 4982 ae
452 4939 563 4984 11111111
585 4935 704 4998 ignarus,
731 4936 833 4985 taudem
857 4938 1002 4999 palpitando
1026 4937 1144 4987 ducatum
1162 4952 1282 5001 quaerere
1300 4940 1393 5000 coepit,
1418 4939 1529 5000 quailtar
1547 4942 1713 4987 reverteretur
1731 4935 1841 4984 domum.

207 5019 267 5067 Post
291 5020 352 5068 haec
369 5033 449 5068 annua
466 5026 517 5068 tres
537 5022 564 5068 in
582 5019 670 5070 eadem
690 5023 811 5071 caecitate
830 5023 987 5084 perdurans,
1013 5024 1074 5073 dum
1092 5025 1194 5073 demum
1213 5029 1314 5074 sanetus
1332 5023 1466 5072 iiauriilue
1486 5024 1621 5073 dioecesim
1639 5023 1782 5071 circumiret
1799 5036 1844 5084 pro

207 5105 294 5167 popuii
319 5105 507 5168 benedittiuue,
532 5113 603 5168 rogat
621 5107 737 5170 Belgicus
761 5109 833 5170 lunga
855 5111 1025 5159 aatiaiactlons
1048 5112 1199 5160 emendatus
1223 5117 1249 5160 et
1273 5113 1324 5161 iam
1343 5109 1479 5173 aliquando
1497 5109 1555 5158 iidei
1574 5110 1634 5168 igne
1652 5120 1786 5167 aecensus,
1814 5113 1844 5155 ut

206 5192 388 5240 vestimentum
413 5192 546 5241 sacerdotia
568 5198 670 5252 tangere
695 5187 841 5244 mereretur.
881 5195 935 5254 Quo
957 5196 1022 5245 iacto
1040 5197 1125 5246 lumen
1143 5198 1271 5247 oculorum
1290 5197 1356 5260 quod
1374 5211 1419 5259 per
1437 5195 1618 5257 negligentiam
1636 5208 1707 5242 auam
1726 5195 1843 5243 amiserat

207 5291 251 5340 per
269 5279 423 5326 sacerdotem
441 5278 482 5327 dei
500 5280 605 5341 recapit.

294 5361 779 5428 19-.96,1.8111111111111.
802 5369 850 5416 18:
875 5368 927 5417 Nec
949 5368 1147 5418 ublirisceudum
1171 5379 1211 5419 est
1235 5372 1263 5419 in
1287 5370 1387 5434 populls
1411 5367 1482 5430 quud'
1502 5381 1533 5416 ex
1559 5368 1676 5428 corporali
1700 5368 1842 5428 praeseutia

294 5638 310 5687 6
329 5638 452 5688 dominico
602 5640 632 5690 ii
653 5642 785 5706 contigerit
803 5643 827 5692 P
