4536 6196
1022 287 1193 342 VENANTI
1211 287 1431 343 FORTVNATI

746 476 820 541 hine
842 495 902 540 sua
922 476 1011 542 bella
1031 495 1149 560 gerens
1171 482 1277 542 orator
1299 476 1342 542 ad
1363 495 1455 542 arma
1476 477 1610 543 recurrit
1663 488 1665 492 ’

747 586 893 644 sternens
915 580 1060 646 membra
1081 581 1148 646 solo
1171 599 1268 646 sensu
1291 601 1390 666 super
1410 588 1499 646 astra
1520 581 1661 646 reducto.

747 683 823 748 hinc
844 684 900 749 ubi
922 702 1118 766 consurgens
1142 683 1257 748 faciem
1282 683 1450 767 conspexit
1471 684 1641 766 alumnae,

748 786 821 851 ilico
844 807 907 852 vox
930 787 1026 853 rediit
1048 786 1227 871 peregrinis
1250 787 1382 852 sedibus
1404 787 1522 872 hospes

748 896 781 954 et
802 889 948 954 rediviva
970 909 1048 955 suae
1071 890 1255 955 cecinerunt
1276 909 1399 973 organa
1420 891 1562 974 linguae.

749 993 967 1078 paulatimque
990 1001 1079 1058 artus
1101 993 1205 1076 liquor
1227 1001 1261 1058 nt
1282 994 1464 1078 penetravit
1485 994 1580 1076 olivi,

747 1096 911 1162 vivificata
932 1097 1050 1181 pedum
1073 1096 1213 1180 geminis
1236 1097 1325 1162 stetit
1346 1117 1422 1162 arca
1444 1097 1600 1162 columnis

749 1208 782 1267 et
803 1200 939 1267 fundata
961 1221 1019 1266 suo
1042 1201 1214 1285 viguerunt
1236 1201 1378 1267 culmina
1399 1221 1522 1285 gressu.

835 1305 912 1370 Post
933 1325 1059 1388 qnoque
1081 1304 1226 1370 Tetradii
1249 1305 1391 1370 famulus
1414 1305 1613 1390 proconsulis
1636 1327 1753 1390 exspes

749 1407 943 1492 mancipium
967 1408 1100 1473 alterius
1123 1409 1183 1473 suh
1207 1408 1333 1491 hospite
1356 1407 1513 1474 daemone
1536 1409 1658 1489 laetus,

709 1499 715 1510 ’
749 1510 900 1575 dentibus
922 1516 958 1575 nt
979 1511 1107 1576 rabiens
1129 1510 1246 1575 alienis
1268 1510 1431 1576 frenderet
1452 1511 1550 1575 armis

750 1633 810 1678 nec
832 1632 892 1678 sua
915 1613 973 1679 sed
996 1612 1097 1678 hostis
1120 1611 1212 1679 lieret
1233 1632 1269 1678 se
1292 1613 1392 1678 milite
1415 1633 1536 1698 pugna.

751 1716 1016 1799 quemdominus
1039 1715 1195 1780 famulum
1219 1717 1356 1801 supplex
1379 1737 1518 1800 purgare
1540 1725 1705 1801 precatur,

751 1821 811 1886 sed
833 1820 907 1886 duci
929 1818 973 1885 ad
996 1827 1141 1886 sanetum
1164 1818 1267 1885 vetuit
1288 1818 1377 1884 ferus
1399 1820 1518 1905 hospes
1540 1828 1573 1886 et
1594 1821 1708 1888 hostis.

750 1922 922 1988 Tetradius
945 1942 1055 1988 rursus
1078 1922 1155 1988 iusti
1177 1922 1317 2005 vestigia
1340 1923 1485 1988 lambens

751 2026 912 2111 supplicat
934 2033 969 2092 ut
991 2032 1128 2110 pergant
1149 2025 1205 2091 ubi
1227 2044 1344 2091 saevus
1367 2026 1447 2092 latro
1471 2027 1602 2092 latebat.
1652 2043 1666 2059 ⁸

751 2128 811 2194 sed
832 2149 925 2195 sacer
946 2129 1016 2214 ipse
1040 2129 1169 2194 domum
1191 2128 1324 2212 gentilis
1346 2129 1437 2194 adire
1460 2137 1596 2196 recusat.

752 2233 888 2317 spondet
909 2231 1082 2298 Tetradius
1105 2232 1236 2297 humilis
1259 2252 1330 2296 cum
1353 2231 1496 2298 fascibus
1517 2234 1612 2316 altis,

752 2337 780 2401 si
803 2337 919 2420 eripiat
939 2335 1024 2400 hosti
1047 2335 1220 2418 famulum,
1248 2355 1285 2401 se
1307 2336 1438 2402 eredere
1461 2337 1597 2404 Christo.

751 2440 893 2526 inposita
915 2459 991 2522 ergo
1014 2460 1111 2504 manu
1135 2450 1234 2522 puero
1257 2438 1328 2504 lcra
1348 2440 1441 2505 larva
1462 2442 1584 2507 recedit

753 2551 785 2609 et
805 2543 893 2608 mala
915 2541 1089 2608 ineundum
1112 2549 1272 2626 pastorem
1295 2543 1401 2608 bestia
1423 2543 1517 2627 fugit.

753 2646 926 2713 Tetradius
948 2645 1068 2730 pariter
1089 2646 1340 2711 catechumenus
1363 2666 1434 2711 esse
1458 2654 1598 2714 meretur

753 2755 850 2832 atque
872 2748 1033 2814 salutiferi
1055 2748 1261 2833 baptismatis
1283 2769 1378 2814 amne
1400 2757 1546 2815 novatur.

754 2852 800 2918 sic
822 2872 902 2937 puer
923 2858 956 2918 et
978 2851 1127 2928 dominns
1149 2852 1284 2916 maculis
1307 2859 1485 2937 purgantur
1507 2854 1684 2939 ademptis:

753 2956 815 3022 iste
837 2956 938 3022 hostis
961 2955 1106 3040 laqueis,
1133 2955 1293 3020 erroribus
1314 2955 1371 3020 ille
1395 2957 1535 3040 solutus,

753 3060 810 3125 ille
833 3077 946 3125 carens
969 3059 1097 3124 animae
1119 3058 1249 3144 poenis,
1276 3059 1328 3124 hic
1351 3060 1457 3124 camis
1481 3060 1597 3138 crinis,

753 3163 836 3228 liber
856 3169 990 3244 uterque
1012 3182 1146 3228 manens
1168 3161 1298 3246 gemino
1319 3163 1461 3228 micuere
1483 3163 1655 3248 triumpho.

755 3266 900 3331 condicio
922 3266 1037 3331 famuli
1059 3266 1191 3331 libertas
1214 3264 1301 3331 facta
1324 3266 1466 3350 patroni:

755 3368 875 3454 excipit
895 3369 959 3435 iste
982 3369 1097 3452 fidem,
1123 3389 1195 3434 enm
1218 3368 1259 3434 de
1281 3369 1338 3433 illo
1360 3369 1501 3454 perfidus
1524 3370 1601 3436 exit.

523 3568 594 3629 serp.
617 3566 673 3616 sa.
697 3565 725 3615 v.
748 3563 782 3613 n.

419 3690 552 3738 lemilleris
569 3689 596 3736 ln
615 3687 691 3737 lstlus
709 3685 776 3734 modi
793 3684 868 3732 rebus
886 3697 963 3745 arms,
984 3683 1036 3732 solo
1053 3687 1192 3745 prostratus
1210 3683 1298 3732 oravit.
1336 3683 1427 3732 deinde
1445 3697 1542 3745 aegram
1561 3685 1665 3734 intuens
1682 3685 1735 3734 dari
1754 3688 1801 3735 sibl
1820 3688 1900 3737 oleum
1919 3691 2048 3750 postulet:

419 3776 486 3838 qnod
504 3789 560 3822 eum
579 3771 762 3832 benedixisset,
783 3770 810 3818 ln
827 3783 854 3818 os
872 3769 971 3832 puellae
988 3771 1041 3816 vim
1059 3770 1142 3818 sancti
1160 3769 1265 3830 liquoris
1282 3769 1409 3831 infundit,
1430 3771 1564 3832 statimqne
1583 3785 1631 3818 vox
1650 3771 1748 3820 reddita
1765 3779 1813 3822 est.
1853 3774 1886 3836 (8]
1907 3780 1967 3822 turre
1985 3790 2050 3836 pau·

419 3863 492 3912 latim
511 3860 610 3920 singula
628 3861 745 3907 contactu
763 3856 819 3904 eius
838 3861 975 3917 coeperunt
994 3856 1103 3904 membre
1121 3856 1256 3916 virescere,
1278 3855 1357 3903 donee
1375 3857 1479 3904 llrmutis
1497 3859 1625 3916 gressibus
1642 3859 1733 3921 populo
1751 3865 1817 3908 teste
1835 3861 1953 3910 surrexit.

497 3948 536 4008 17,
560 3950 571 3994 l
592 3943 689 3995 Eodem
707 3947 818 4005 tempore
836 3942 948 3990 Tetradil
966 3941 1097 3990 cniusdam
1114 3942 1296 4004 proconsularis
1316 3943 1362 3988 viri
1380 3955 1468 3990 serens
1486 3943 1614 3994 daemonio
1631 3950 1759 4007 correptus
1777 3946 1882 3994 dolendo
1901 3949 1972 3995 exitu
1991 3961 2052 3995 eru·

421 4034 542 4082 elabetur.
579 4035 681 4092 rogatus
705 4042 763 4089 ergo
781 4029 918 4090 Martinus,
950 4034 979 4075 nt
1002 4029 1026 4076 el
1051 4041 1154 4075 manum
1177 4029 1322 4090 inponeret,
1347 4027 1438 4076 deduci
1461 4042 1519 4076 eum
1543 4030 1574 4077 sd
1597 4045 1624 4078 se
1642 4031 1729 4081 lubet:
1755 4033 1798 4080 sed
1817 4046 1925 4093 nequsm
1943 4035 2053 4095 spiritus

420 4119 491 4168 nullo
508 4117 613 4180 proferri
631 4111 703 4164 modo
721 4113 752 4163 de
770 4115 874 4176 cellule,
901 4115 929 4162 iu
947 4128 996 4176 qus
1015 4118 1083 4174 eret,
1109 4115 1207 4176 potuit:
1234 4115 1269 4162 lte
1286 4115 1313 4161 ln
1331 4114 1496 4163 advenientes
1513 4117 1606 4164 rabidis
1625 4118 1744 4167 dentibus
1763 4120 1896 4168 saeviebat.
1939 4119 1970 4181 12]
1995 4126 2051 4168 tum

421 4204 554 4254 Tetrsdius
579 4202 609 4250 sd
633 4215 714 4261 genus
733 4201 802 4249 besti
820 4201 868 4247 rirl
887 4200 1039 4261 advolvitur,
1064 4213 1135 4248 orsus
1153 4205 1183 4247 nt
1200 4200 1230 4248 sd
1248 4199 1361 4264 domurn,
1389 4201 1417 4248 ln
1435 4215 1485 4262 qus
1502 4200 1677 4252 daemoniacus
1695 4205 1844 4267 hebebatur,
1872 4207 1926 4265 ipse
1944 4206 2052 4254 descen-

422 4291 501 4340 deret.
542 4289 575 4351 (3)
603 4294 658 4336 turn
682 4300 740 4334 vero
758 4285 882 4335 Martinus
906 4299 996 4344 negare
1015 4300 1042 4335 se
1060 4287 1159 4349 proisni
1178 4291 1204 4336 et
1222 4288 1325 4347 gentilis
1342 4288 1444 4337 domum
1461 4287 1531 4335 edire
1549 4302 1635 4350 posse:
1663 4304 1720 4338 nrm
1739 4291 1873 4340 Tetradius
1891 4305 1921 4338 eo
1938 4298 2052 4354 tempore

421 4377 501 4425 adhuc
520 4375 672 4436 gentilitatis
690 4385 771 4421 errore
789 4372 927 4434 implicitus
945 4373 1087 4421 tenebatur.
1119 4373 1226 4434 spondet
1243 4386 1301 4433 ergo
1318 4386 1355 4432 se,
1375 4374 1396 4420 sl
1416 4373 1447 4421 de
1465 4387 1543 4437 puem
1561 4375 1664 4424 daemon
1683 4376 1776 4423 fixisset
1793 4382 1906 4438 exactus,
1927 4376 2052 4428 Christis-

422 4476 483 4510 uum
501 4462 562 4510 iore.
602 4460 636 4523 (4)
662 4461 698 4508 lte
715 4457 841 4507 Martinus
863 4461 972 4521 inposita
995 4472 1071 4507 menn
1095 4472 1172 4520 puero
1195 4459 1348 4507 inmundum
1366 4461 1396 4506 sb
1415 4473 1444 4508 eo
1463 4461 1579 4522 spiritum
1598 4461 1681 4510 eiecit.
1719 4476 1768 4523 qno
1786 4465 1839 4511 viso
1857 4463 1988 4512 Tetrsdius
2006 4465 2052 4512 do-

421 4549 521 4597 minum
538 4547 623 4594 Iesum
642 4544 759 4595 eredidit:
786 4547 923 4608 statimque
947 4544 1141 4594 esteehumenus
1166 4547 1247 4595 lectus
1270 4560 1316 4594 uec
1333 4547 1413 4596 multu
1431 4552 1488 4608 post
1506 4547 1650 4608 baptizatus
1668 4552 1721 4609 est,
1748 4562 1895 4611 semperque
1913 4548 2052 4598 Martinam

421 4635 511 4684 salutis
529 4647 590 4681 susc
608 4637 733 4682 suetorem
752 4633 814 4680 miro
832 4632 909 4680 coluit
926 4633 1028 4681 ellectu.

491 4909 539 4960 421
561 4909 713 4958 sucurritis
825 4906 876 4956 422
894 4908 997 4957 reducts
1014 4906 1086 4955 BMS
1199 4907 1249 4956 423
1267 4911 1394 4957 eluminae
1412 4908 1443 4956 Pl
1557 4909 1608 4958 424
1626 4910 1691 4960 redit
1708 4909 1783 4958 L¹P2
1897 4909 1948 4961 426
1966 4913 2054 4974 loquor

424 4999 449 5047 Ν
551 4997 611 5045 oliui
634 4992 1018 5062 exsequentemque
1138 4993 1281 5054 inegram
1303 4995 1326 5042 N
1442 4995 1676 5059 inseremur
1695 4997 1718 5044 P
1819 5010 1934 5044 uernam
1954 5011 2053 5048 servvs

424 5085 449 5133 N
563 5084 671 5132 famulos
691 5081 739 5129 NS
853 5081 1014 5143 proconsules
1033 5080 1056 5127 P
1170 5095 1247 5142 expes
1266 5079 1310 5128 BL
1432 5080 1480 5132 431
1500 5083 1602 5131 rabiens
1622 5078 1696 5148 PNS]
1715 5084 1815 5143 replens
1834 5082 1870 5146 lli,
1890 5085 1988 5132 rabiens
2007 5085 2054 5133 BL

422 5169 473 5219 432
491 5170 577 5218 hostes
596 5166 694 5217 NP²s²
832 5166 882 5215 434
901 5168 945 5214 sed
964 5167 1023 5214 duci
1042 5162 1123 5231 PNL]
1142 5165 1242 5214 redduci
1262 5166 1333 5215 alis
1471 5170 1563 5231 hospes
1582 5175 1607 5216 et
1626 5165 1717 5234 hostis]
1742 5169 1833 5232 hospes
1850 5175 1877 5218 et
1894 5170 1978 5218 hostes
1996 5171 2054 5234 ΡΝ,

423 5257 509 5318 hospis
528 5261 553 5305 et
571 5256 661 5318 hospes
681 5253 718 5315 ll,
737 5254 817 5302 hostis
835 5258 862 5302 et
879 5254 970 5316 hospes
990 5252 1053 5302 Bes
1168 5251 1219 5300 436
1237 5257 1325 5314 perget
1342 5252 1364 5300 L
1480 5253 1530 5303 431
1550 5255 1644 5314 gentile
1664 5254 1689 5302 N
1802 5254 1853 5305 438
1872 5256 1979 5318 spondet
1997 5255 2057 5325 BL]

423 5344 526 5404 spondit
542 5343 596 5391 rell.
704 5339 755 5388 440
774 5341 884 5402 inposita
903 5335 1008 5405 PNNS]
1027 5337 1183 5401 imposltsL
1286 5340 1427 5388 recessitS
1540 5339 1586 5390 441
1609 5342 1744 5391 iocundum
1763 5340 1841 5389 Bhlsl
1942 5342 1993 5392 442
2013 5358 2056 5392 es-

422 5423 599 5494 techumeuus]
617 5427 784 5475 caticuminus
801 5425 873 5474 codd.
980 5425 1029 5474 443
1049 5425 1179 5473 seluteleri
1198 5425 1223 5473 N
1325 5426 1482 5474 babtismatis
1502 5425 1555 5474 Ps¹
1659 5429 1766 5476 nouauit
1783 5427 1839 5475 BL¹
1944 5429 1994 5478 445
2015 5445 2059 5481 so-

423 5515 493 5562 lutes
513 5513 552 5574 ΡΙ,
575 5514 664 5562 sslntls
684 5511 726 5574 Nl,
748 5515 846 5560 salutas
865 5508 906 5558 N²
1021 5511 1071 5560 446
1091 5512 1168 5559 erinis
1187 5506 1232 5577 hl]
1250 5514 1363 5560 erumnis
1381 5509 1422 5574 L²,
1444 5515 1528 5573 erynis
1546 5513 1600 5562 rell.
1721 5513 1772 5563 448
1790 5515 1901 5562 condicio
1920 5510 1978 5581 BL]
1994 5531 2058 5566 eon·

422 5600 485 5648 ditio
505 5599 581 5660 NMN,
603 5600 726 5647 condictio
745 5597 768 5644 P
