4536 6196
1018 313 1239 373 FORTVNATI
1257 311 1458 369 CARMINVM

1197 697 1274 762 XIV

1128 838 1220 911 Item
1247 834 1345 910 aliud

757 1025 859 1104 Quam
883 1025 972 1110 prins
993 1024 1165 1090 inscribam
1188 1024 1285 1089 fixam
1307 1024 1429 1109 pietate
1451 1029 1632 1108 parentem,

843 1149 905 1211 quo
927 1127 1074 1212 geminae
1098 1136 1230 1211 matres,
1257 1133 1346 1193 extat
1368 1134 1399 1192 et
1422 1147 1487 1191 una
1513 1127 1647 1208 [sororii

757 1231 840 1297 hanc
861 1231 1029 1318 praeponit
1051 1233 1166 1313 honor,
1194 1252 1277 1313 quae
1299 1230 1404 1295 innior
1426 1235 1516 1295 extat
1536 1227 1569 1294 in
1592 1227 1704 1305 annis;

842 1336 893 1400 his
915 1343 1007 1401 aetas
1029 1334 1158 1419 gravior
1178 1335 1248 1400 iure
1272 1335 1373 1400 senile
1396 1332 1495 1398 favet.

692 1464 704 1500 5
759 1439 817 1504 sed
839 1439 918 1503 mihi
941 1439 1035 1504 dulce
1058 1438 1160 1504 tribus
1182 1437 1303 1524 pariter
1325 1437 1478 1502 mandare
1502 1436 1657 1516 salutem,

845 1548 895 1610 est
917 1543 1066 1627 qnoniam
1088 1542 1180 1609 vobis
1203 1561 1297 1609 carus
1321 1547 1353 1607 et
1376 1561 1458 1607 unus
1481 1560 1581 1606 arnor.

757 1646 836 1712 felix
858 1667 940 1730 qnae
962 1647 1078 1713 retinet
1099 1646 1221 1732 pariter
1241 1646 1304 1712 tria
1325 1645 1447 1710 lumina
1469 1663 1582 1710 mensa

845 1758 877 1817 et
899 1750 1051 1836 paschale
1073 1750 1192 1818 bonum
1215 1748 1429 1834 multiplicare
1451 1747 1543 1814 facit!

759 1854 906 1938 angelico
930 1861 1020 1920 coetu
1044 1854 1091 1920 sic
1111 1853 1323 1940 participante
1347 1852 1492 1918 fruantur

845 1955 981 2026 deliciae
1004 1957 1094 2024 vobio
1116 1958 1150 2023 in
1171 1957 1302 2042 regione
1325 1955 1389 2022 rlei.

1206 2355 1267 2419 XV

1131 2495 1222 2569 ltem
1249 2494 1346 2568 aliud

758 2683 860 2749 Nocte
884 2682 1052 2748 salutifera
1074 2687 1226 2748 maneant
1247 2689 1413 2764 materque
1436 2701 1604 2764 sororque:

845 2786 905 2851 hoo
927 2785 994 2851 nati
1017 2792 1050 2852 et
1071 2785 1178 2852 fratria
1200 2805 1353 2872 prospera
1375 2791 1449 2851 vota
1471 2784 1591 2864 ferant;

759 2889 925 2973 angelicus
948 2897 1055 2956 coetus
1077 2889 1266 2974 praecordia
1288 2896 1395 2955 vestra
1417 2889 1537 2955 revisat

846 2998 878 3059 et
899 3000 993 3076 regat
1014 2992 1163 3076 alloquiis
1185 2999 1315 3078 pectora
1338 3013 1412 3058 cara
1435 2991 1511 3058 suis.

759 3105 905 3183 tempora
927 3095 1029 3163 noctis
1051 3104 1168 3180 agunt,
1195 3102 1230 3162 nt
1252 3097 1313 3187 hac
1334 3097 1490 3162 brevitate
1513 3097 1666 3161 salutern:

847 3220 904 3265 aex
927 3199 1021 3265 modo
1043 3200 1211 3268 versiculis
1234 3200 1285 3266 vel
1309 3199 1372 3266 duo
1395 3200 1492 3284 ferte,
1519 3219 1642 3287 precor.

1200 3597 1276 3662 XVI

1130 3737 1223 3811 Item
1250 3737 1346 3812 aliurl

761 3926 915 4004 Quamvis
937 3924 1022 4007 quod
1045 3944 1194 4010 cuperem
1217 3924 1300 4008 fugit
1322 3944 1372 3989 nre
1396 3945 1530 4008 verpere
1554 3924 1656 4008 tincto,

846 4035 878 4094 te
902 4027 980 4093 mihi
1002 4048 1065 4093 non
1087 4034 1185 4093 totam
1209 4047 1271 4092 nox
1294 4027 1367 4092 tulit
1388 4027 1451 4092 iata
1473 4035 1595 4092 tamen:

761 4133 820 4198 etsi
843 4153 907 4198 non
930 4130 1049 4214 ocula,
1076 4131 1182 4196 animo
1205 4139 1376 4196 cernuntur
1397 4138 1559 4208 amantee;

846 4255 920 4299 nam
944 4254 1006 4315 quo
1028 4234 1130 4300 forma
1152 4234 1274 4318 nequit,
1302 4253 1393 4300 mens
1415 4233 1460 4298 ibi
1483 4242 1592 4300 nostra
1615 4235 1685 4299 fuit.

695 4362 707 4400 e
761 4359 858 4422 quarn
881 4338 971 4403 locus
994 4338 1050 4402 ille
1073 4337 1145 4423 pins
1167 4337 1223 4420 qui
1245 4359 1419 4422 numquam
1442 4337 1604 4422 abrumpit
1624 4345 1787 4419 amantea,

847 4463 909 4526 qno
933 4442 1063 4530 capiunt
1084 4440 1186 4506 oculis
1208 4462 1288 4526 quoa
1311 4461 1370 4506 aua
1392 4447 1466 4506 vota
1488 4448 1602 4525 petunt

761 4545 795 4610 in
817 4545 923 4611 medio
946 4545 1049 4631 posito
1072 4544 1224 4610 bonitatis
1246 4544 1389 4628 principe
1413 4544 1557 4628 Christo,

848 4647 940 4715 cuius
962 4669 1069 4714 amore
1093 4669 1182 4714 sacro
1205 4649 1302 4713 corda
1323 4648 1425 4731 ligata
1447 4651 1593 4714 manent!

762 4753 814 4818 hic
837 4772 962 4836 quoque
985 4752 1044 4817 aad
1066 4751 1174 4837 plures
1197 4751 1338 4817 carmina
1359 4752 1449 4816 iussa
1471 4772 1528 4836 per
1550 4771 1666 4816 annos:

681 4879 708 4918 ro
849 4856 923 4921 hinc
945 4855 1053 4940 rapias
1075 4861 1198 4938 tecum‚
1225 4876 1288 4937 quo
1310 4855 1369 4920 tibi
1392 4855 1491 4938 digna
1515 4856 1636 4939 loquar.

436 5068 839 5081 ’.μ’-

496 5208 558 5256 XIV
639 5205 663 5253 Σ
679 5205 700 5268 s.
721 5201 769 5256 Μ’
872 5203 887 5252 2
908 5215 974 5250 soror
991 5200 1049 5250 add.
1068 5202 1208 5251 Gaernrdac
1313 5216 1388 5264 qaam
1403 5208 1500 5263 praeter
1518 5203 1694 5264 lladeyandeor
1712 5208 1815 5250 matrem
1832 5203 1936 5263 appellet
1953 5217 2006 5252 noa
2024 5205 2057 5251 o·-

428 5299 483 5358 quet
587 5293 686 5342 llanlt
790 5289 942 5339 9fruantur
957 5291 1053 5350 pacatae
1159 5287 1190 5337 to
1208 5287 1293 5350 dlliclp

495 5381 545 5429 XV
615 5379 641 5427 Σ
657 5376 680 5439 s.
701 5375 748 5426 56'*
853 5376 997 5426 loalulern
1067 5373 1127 5435 sort.
1149 5376 1252 5424 ualeant
1356 5375 1476 5425 lsratris
1494 5373 1647 5443 Gncrordaa]
1665 5378 1755 5424 iratres
1860 5375 2020 5435 Sangalloos

427 5469 517 5516 reuisit
621 5465 683 5514 let
700 5465 794 5523 relegat
812 5463 921 5525 alloquia
939 5463 1046 5524 pectoris
1064 5477 1119 5510 cara
1138 5475 1183 5510 sna
1287 5463 1400 5522 {regunt
1418 5466 1435 5510 i.
1456 5478 1477 5511 c.
1499 5468 1589 5523 cogunt
1694 5461 1793 5511 lilerte
1812 5465 1828 5510 i.
1850 5475 1871 5510 ι.
1891 5463 1984 5510 referte

497 5553 558 5600 XVI
631 5550 655 5598 Σ
672 5552 693 5612 s.
715 5548 762 5598 W
874 5548 986 5609 llngeit
1096 5547 1200 5596 2tullit
1304 5549 1432 5610 lneqnid
1538 5550 1645 5610 5qnanr
1664 5550 1709 5610 ille
1728 5549 1796 5596 locus
1815 5551 1872 5610 pina
1978 5563 2057 5598 nnm-

429 5653 503 5708 qnam
526 5633 679 5708 Guerordaa]
698 5635 822 5701 numquid
927 5635 943 5686 9
962 5636 1072 5685 carmina
1090 5632 1170 5704 iussa]
1188 5635 1342 5686 scribendam
1360 5635 1457 5686 videtur
1476 5638 1572 5684 camina
1590 5637 1656 5684 insta
