4536 6196
925 339 1129 397 APPENDIX.

548 531 725 597 Audulsum
750 532 910 617 proprium
935 533 1139 612 commenda,
1166 551 1298 614 magne,
1326 532 1447 596 relatu:

635 636 681 699 sic
703 642 759 699 tua
782 636 847 700 vita
870 636 988 700 (locens
1011 637 1070 700 boc
1093 636 1135 700 sit
1155 636 1188 699 in
1211 635 1287 700 orbe
1310 655 1455 700 manens.

466 759 495 798 rs
549 739 658 820 regale
681 739 724 802 ad
747 744 854 803 votum
878 738 987 804 felicia
1009 746 1123 804 cuncta
1146 746 1319 820 sequantur

635 841 752 922 detque
776 842 856 907 deus
880 843 972 908 vobis
994 849 1138 926 tempora
1160 841 1370 926 temporibus.

989 1152 1064 1216 VIII

815 1291 1048 1388 Epitaphium
1076 1292 1234 1366 Nectarii

549 1465 655 1529 'Prista
678 1463 737 1529 sub
760 1464 821 1528 boc
843 1462 966 1527 tumulo
988 1463 1110 1527 crudeli
1134 1462 1245 1528 funere
1268 1463 1350 1546 rapti

635 1567 778 1632 Nectarii
799 1567 925 1631 iuvenis
947 1567 1090 1630 membra
1113 1567 1240 1649 sepulta
1261 1567 1378 1630 iacent.

549 1671 619 1754 ipse
641 1677 756 1754 quater
777 1671 891 1754 quinos
914 1669 1016 1735 valuit
1037 1688 1207 1753 superesse
1230 1689 1287 1754 per
1309 1689 1425 1750 anuos,

634 1795 729 1857 quem
752 1773 896 1856 fugiente
921 1773 972 1838 die
996 1791 1080 1837 mors
1101 1772 1233 1837 inimica
1254 1773 1336 1838 tulit.

482 1901 494 1939 a
548 1876 600 1942 bic
622 1878 756 1942 Proculo
778 1877 921 1961 genitore
945 1882 1050 1958 satus,
1078 1876 1136 1941 sed
1159 1882 1243 1941 sorte
1267 1877 1407 1942 nefanda

634 1988 708 2046 ante
732 1987 820 2046 tenet
841 1979 992 2044 lacrimas
1015 2000 1109 2063 quam
1134 1999 1194 2044 sua
1215 1987 1291 2046 vota
1313 2001 1447 2065 parens;

548 2092 659 2167 gratus
683 2083 717 2148 in
740 2091 891 2168 aspectu,
918 2101 1016 2149 sensu
1039 2083 1222 2149 moderatus
1244 2085 1367 2169 opimo,

632 2188 761 2270 qualem
785 2208 849 2253 non
870 2185 984 2272 puduit
1006 2207 1095 2272 spem
1117 2207 1291 2271 generasse
1314 2196 1447 2272 lienem.

547 2299 622 2358 suut
642 2299 751 2356 tamen
772 2291 894 2375 ingenti
918 2291 1040 2356 solacia
1061 2311 1180 2374 magna
1202 2289 1321 2374 dolori,

632 2395 717 2479 quod
740 2396 825 2478 quod
847 2395 880 2460 in
903 2396 979 2460 orbe
1003 2396 1090 2461 veuit
1111 2416 1175 2460 non
1198 2395 1268 2460 sine
1290 2402 1391 2460 morte
1414 2402 1538 2461 manet:

546 2499 627 2565 haec
649 2501 703 2565 via
725 2500 935 2586 pauperibus,
964 2500 1045 2564 baec
1067 2506 1116 2564 est
1139 2505 1171 2564 et
1192 2499 1323 2583 regibus
1345 2519 1425 2580 uua,

633 2604 692 2669 sed
713 2603 794 2668 vivit
816 2623 942 2688 semper
964 2623 1058 2686 (quem
1082 2603 1164 2668 bene
1187 2601 1273 2667 facta
1296 2603 1415 2669 fovent.

1001 2915 1050 2980 IX

751 3056 889 3130 Versus
916 3077 981 3150 pro
1008 3055 1123 3149 pomis
1151 3053 1296 3128 directis

546 3226 695 3292 Cardinis
717 3225 842 3291 occidui
864 3225 953 3308 regio
974 3243 1058 3308 quae
1081 3225 1217 3310 sumpsit
1238 3225 1280 3290 ab
1302 3231 1389 3308 ortu,

632 3329 729 3394 mittit
749 3330 895 3396 amicalis
917 3329 1026 3395 dulcia
1048 3349 1142 3414 poma
1163 3349 1293 3410 manus;

545 3435 627 3499 baec
649 3454 791 3517 quoque,
819 3455 902 3516 quae
925 3440 1031 3499 nostro
1055 3433 1229 3517 pendentia
1251 3429 1392 3498 vidimus
1414 3433 1522 3516 horto,

632 3536 784 3603 admonet
806 3537 939 3602 affectus
962 3557 1095 3603 munera
1117 3536 1200 3602 ferre
1223 3535 1307 3622 pius.

546 3663 609 3708 uon
632 3641 732 3707 animi
754 3647 914 3724 metuant,
941 3641 1022 3706 baec
1045 3648 1120 3707 sunt
1141 3640 1226 3725 quod
1248 3641 1290 3706 ab
1313 3639 1425 3707 arbore
1448 3648 1573 3726 carpta:

632 3745 696 3811 iam
720 3745 809 3811 fraus
832 3746 922 3811 nulla
944 3752 1040 3811 nocet
1060 3744 1145 3829 quod
1168 3745 1338 3830 paradisus
1361 3745 1475 3819 habet:

546 3871 684 3933 namque
708 3849 913 3935 redemptriei
936 3857 1102 3935 postquam
1127 3849 1160 3913 iu
1182 3870 1275 3915 cruce
1299 3847 1446 3915 Christus
1467 3847 1632 3928 adhaesit,

633 3974 690 4038 per
711 3954 834 4037 liguum
858 3953 953 4018 rediit
974 3953 1059 4037 quod
1081 3952 1170 4038 prius
1192 3953 1261 4018 Eva
1282 3952 1391 4032 tulit;'

546 4056 610 4120 iam
634 4057 750 4122 meruit
772 4057 888 4122 mulier
908 4056 1040 4141 purgari
1062 4056 1194 4122 crimine
1218 4076 1331 4123 sexus:

633 4181 718 4225 mors
741 4161 802 4225 fuit
821 4160 881 4226 illa
901 4167 1012 4244 uetus,
1039 4160 1130 4242 virgo
1151 4161 1280 4226 novella
1302 4160 1403 4225 salus.

548 4271 579 4328 et
601 4264 678 4347 quia
701 4265 881 4330 silvestrem
903 4262 1047 4329 tribuunt
1069 4265 1230 4330 elementa
1251 4270 1417 4349 paratum,

634 4369 779 4433 misimus
802 4367 975 4451 exiguum,
1002 4367 1087 4450 quod
1110 4367 1201 4434 dedit
1222 4368 1325 4450 unda,
1353 4367 1469 4433 cibum.

547 4471 701 4555 deprecor
722 4492 817 4555 ergo,
843 4491 938 4556 pares
961 4472 1013 4537 vel
1036 4493 1131 4556 poma
1153 4472 1205 4537 vel
1227 4478 1334 4537 ostrea
1355 4471 1460 4536 fratri:

634 4575 736 4659 eligat
755 4575 960 4658 alterutrum,
986 4575 1072 4658 quod
1095 4573 1157 4641 sibi
1179 4575 1282 4640 maius
1304 4581 1404 4640 amat.

466 4701 494 4740 u.
548 4677 607 4744 sed
628 4679 826 4762 Dagaulium
849 4679 929 4744 haec
952 4685 1078 4764 rumpat
1101 4679 1244 4744 cervesia
1264 4678 1382 4760 tristis,

634 4782 725 4848 faece
748 4783 898 4866 lagunari
918 4783 1063 4864 turbida,
1089 4781 1201 4848 tendat
1221 4781 1380 4868 hydrops:

285 5062 314 5111 13
333 5063 478 5112 commendo
589 5063 669 5110 relatu
692 5058 846 5128 Gauardur]
866 5063 943 5110 relato
1059 5061 1089 5111 lo
1107 5060 1168 5124 sort.
1189 5064 1282 5111 uectus
1300 5075 1417 5126 prospera
1434 5063 1586 5126 temporibus
1687 5070 1744 5127 port
1762 5083 1785 5114 υ.
1810 5069 1839 5114 td

212 5153 312 5212 proprio
330 5165 417 5198 vasu:
436 5155 548 5210 tempora
566 5150 721 5210 temporibus
740 5148 782 5196 det
801 5150 872 5196 uobis
891 5149 954 5196 deus

284 5235 347 5284 VIII
419 5231 550 5296 Sf.51⁰
655 5247 926 5284 transnaturus.
1033 5235 1138 5284 sturm
1241 5235 1364 5284 deuictis
1466 5237 1558 5287 subscr.
1578 5249 1703 5287 nxrnrcrn
1720 5251 1817 5286 nasus

282 5323 319 5372 IX
390 5321 414 5370 Σ
432 5321 453 5382 f.
469 5318 515 5370 51⁰
602 5333 665 5367 trau
679 5333 759 5368 aurun
773 5319 846 5369 tucri
858 5323 1021 5371 insunuans
1033 5335 1085 5370 ruo
1097 5333 1175 5370 nouis
1188 5335 1312 5370 uruncrrs
1328 5323 1437 5384 (directis
1452 5321 1594 5372 &amardus
1606 5322 1641 5383 cs.
1658 5325 1703 5385 ΧΙ,
1721 5325 1760 5384 19,
1778 5324 1801 5385 1)

212 5423 312 5459 carmen
324 5408 519 5471 Rudtoaudr'aet
532 5409 742 5468 damascenam
755 5411 873 5468 scriptum
888 5411 973 5470 (udo)
1082 5409 1184 5458 bbortu
1197 5406 1352 5475 domaratus]
1370 5415 1424 5459 ortu
1523 5409 1611 5472 IpIos
1711 5407 1840 5478 bcrrptr]

212 5501 452 5558 raup.rcr.1m.
560 5493 731 5555 bparsdysus
835 5493 938 5544 stultit
1048 5493 1075 5545 11
1098 5497 1240 5545 siluestrem
1261 5493 1436 5564 Montunates]
1455 5498 1492 5546 sic
1510 5503 1622 5545 uestrum
1729 5493 1761 5546 12
1778 5496 1838 5557 sort.

212 5597 287 5642 quem
395 5581 424 5631 13
443 5583 535 5631 tratres
650 5579 723 5627 1511,
744 5579 769 5628 b.
791 5595 811 5628 r.
835 5579 1183 5648 decretusqdagaulmm
1203 5583 1248 5632 bec
1268 5588 1372 5647 umput
1486 5583 1517 5632 16
1534 5583 1647 5644 laguuart
1667 5579 1841 5648 Mommsenio]

212 5670 321 5718 taetruari
426 5669 498 5728 ydros

290 5769 416 5810 Vuuuurrrs
430 5766 579 5808 Fouruuarro
1601 5773 1633 5822 36
