4344 6142
932 331 1160 392 Pseudulum.
1799 332 1859 403 XV

231 562 282 623 est
303 555 473 624 Browerus
492 557 556 642 .qui
586 556 725 624 solidum
755 557 930 624 carminum
961 577 1075 644 corpus
1098 558 1245 626 ediderit.
1292 557 1438 626 codicum
1461 559 1676 644 quibususus
1698 560 1861 626 1111111-

232 677 327 743 chum
348 677 439 745 dedit
461 699 493 764 p.
517 678 601 764 (IX).
640 678 735 744 lectio
757 685 865 745 autem
888 679 1017 763 qualem
1039 679 1212 746 arbitraria
1233 679 1356 748 ratione
1379 680 1437 747 sed
1459 679 1552 746 bonis
1573 680 1664 746 libris
1679 681 1768 746 nisus
1784 699 1860 747 con-

231 797 344 880 stituit,
371 799 521 882 regnavit
541 798 629 884 apud
650 804 807 885 posteros.
847 799 1008 866 adiectum
1031 806 1081 866 est
1094 800 1246 867 volumen
1259 805 1410 866 Natarum
1426 805 1600 881 variorum,
1625 801 1740 885 quibus
1756 821 1862 888 pauca

231 919 380 986 tractavit
401 918 444 986 ad
466 918 724 986 emendationem
746 919 858 1002 utilia,
891 921 994 987 multa
1021 921 1063 987 de
1092 922 1188 988 rebus
1216 942 1299 1005 quac
1327 921 1390 1008 ipsi
1414 922 1505 1014 cordi
1532 930 1642 990 essent
1670 921 1857 1007 disputavit,

231 1041 421 1126 pracsertim
451 1039 492 1107 de
523 1041 619 1106 rebus
650 1041 751 1108 saeris
780 1061 819 1107 ac
841 1040 882 1107 de
905 1041 1044 1107 locomm
1068 1042 1143 1108 situ.
1191 1063 1275 1126 quae
1297 1044 1436 1110 correxit
1456 1043 1554 1111 tacite
1576 1043 1766 1129 plerumque
1789 1063 1859 1109 cor-

231 1161 324 1228 rexit.
348 1200 392 1209 —
413 1181 477 1228 non
498 1160 620 1247 pendet
641 1181 662 1227 a
684 1160 833 1228 Browero
855 1181 1050 1246 quamquam
1072 1163 1174 1230 multa
1196 1184 1236 1230 ex
1257 1164 1316 1230 illo
1338 1164 1459 1257 recepit

197 1339 203 1352 .
318 1287 450 1368 llapnae
471 1283 664 1347 bibliothecae
685 1292 821 1347 veteram
840 1294 969 1367 patrum
991 1294 1019 1349 et
1042 1288 1138 1369 antip.
1156 1289 1262 1368 script.
1281 1287 1351 1349 ecci.
1376 1285 1440 1350 vol.
1459 1285 1536 1350 VIII
1550 1304 1582 1369 p.
1601 1288 1663 1348 752
1680 1303 1727 1367 sq.
1754 1283 1857 1349 Paris.

236 1406 328 1488 1644,
354 1403 494 1470 eontinet
515 1403 615 1469 vitam
637 1402 767 1469 Martini
789 1409 822 1469 et
843 1404 1019 1470 carminum
1041 1404 1141 1471 libros
1168 1404 1296 1489 (desinit
1316 1405 1352 1472 in
1374 1405 1432 1489 XI,
1452 1408 1505 1486 26,
1527 1408 1574 1489 10)
1602 1425 1643 1471 cx
1666 1404 1774 1470 codiee
1795 1423 1860 1470 non

118 1557 122 1564 ·
233 1525 366 1590 multum
388 1525 431 1591 ab
453 1529 477 1588 lt
500 1524 628 1590 diverso
650 1543 840 1610 expressos,
866 1525 1002 1591 lectione
1025 1526 1066 1592 ab
1088 1525 1264 1592 editoribus
1286 1526 1410 1612 passim
1432 1533 1583 1592 correcta.
1615 1563 1659 1573 —
1687 1544 1766 1592 usus
1787 1545 1859 1592 sum

233 1645 374 1711 editione
396 1644 464 1712 iere
485 1644 561 1712 inde
582 1666 604 1711 a
625 1645 707 1712 libro
730 1651 853 1730 quade,
879 1646 1017 1731 primum
1039 1648 1087 1710 cd.
1115 1651 1202 1727 Pan,
1226 1653 1341 1732 postea
1363 1646 1552 1733 simpliciter
1576 1652 1647 1710 Por.
1672 1646 1792 1712 111111.

326 1769 464 1830 Venantii
482 1804 527 1813 —
547 1786 641 1850 opera
662 1770 764 1832 omnia
786 1787 865 1852 qnae
887 1777 998 1832 eaetant
1018 1770 1067 1833 uel
1088 1789 1167 1852 qnae
1188 1772 1254 1832 cius
1276 1771 1396 1832 nominc
1418 1769 1679 1851 cirmimscruntmr
1697 1770 1861 1851 111111111-

235 1891 406 1951 wericnnm
428 1889 584 1952 editionem
607 1909 688 1952 narse
709 1909 815 1952 reeens
837 1890 879 1952 ad
900 1910 974 1953 mss.
999 1891 1115 1954 codices
1143 1893 1318 1970 Vaticanus,
1349 1910 1404 1954 nec
1431 1911 1492 1952 non
1515 1890 1556 1953 ad
1578 1899 1694 1953 veteres
1716 1889 1860 1952 editiones

235 2010 354 2088 collata,
380 2019 408 2073 et
428 2013 516 2073 nove's
538 2012 770 2088 additamentis,
796 2013 952 2094 variisqae
974 2011 1149 2075 lectionibus
1172 2020 1283 2091 ancta,
1307 2015 1402 2090 notis,
1428 2021 1456 2075 et
1477 2011 1600 2075 scholiis
1622 2012 1780 2074 illustrata
1802 2019 1856 2073 etc.

231 2151 326 2212 opera
347 2139 374 2194 ct
395 2131 494 2194 studio
517 2135 556 2195 D.
575 2132 733 2195 Michaelis
755 2129 807 2194 dn
814 2133 894 2216 peti
915 2133 1037 2195 Luchi
1057 2134 1197 2196 monachi
1218 2134 1406 2218 Benedictini
1426 2134 1685 2216 econprepatione
1701 2133 1862 2194 (lesinensi

230 2269 305 2335 pars
319 2250 346 2315 I.
371 2253 568 2334 complectens
590 2255 826 2316 Browerianam
849 2253 1008 2316 editionem
1029 2273 1099 2317 cum
1121 2255 1348 2318 additamentis.
1373 2258 1484 2317 Romae
1499 2256 1594 2317 l786.
1618 2271 1695 2338 pars
1709 2252 1753 2319 II.
1779 2271 1860 2316 com-

229 2373 361 2454 plectens
383 2376 464 2435 citas
487 2360 662 2436 sanctorum
686 2382 714 2437 et
736 2376 801 2436 alia
823 2376 970 2456 opuscula
993 2375 1088 2437 eidem
1111 2395 1131 2436 a
1153 2375 1309 2438 nonnuliis
1325 2376 1496 2458 adscripto.
1521 2378 1631 2437 Romae
1647 2375 1743 2436 1787.
1780 2371 1860 2437 Bro-

230 2490 309 2558 weri
330 2491 505 2558 editionem
528 2493 668 2560 Luchius
691 2493 851 2579 expressit
874 2493 1051 2560 etruriam
1073 2493 1244 2560 lectionem
1267 2513 1308 2560 ex
1337 2494 1455 2561 ‘tribus
1479 2513 1556 2560 mss.
1582 2492 1747 2560 codicibus
1769 2491 1860 2558 Vati-

231 2612 337 2696 canis,
371 2613 446 2678 olim
469 2612 684 2680 bibliothecae
706 2614 888 2680 Palatinaa’
917 2613 1030 2699 (praef.
1056 2635 1088 2699 p.
1115 2615 1154 2697 X)
1185 2614 1271 2679 infra
1299 2614 1419 2682 adiecit
1446 2635 1507 2682 noo
1532 2614 1662 2700 plenam
1684 2631 1861 2680 1111111-

231 2739 299 2800 rate
321 2741 495 2815 111111111,
522 2734 659 2818 singulis
680 2734 771 2808 libris
793 2734 882 2800 nullo
905 2733 997 2818 signo
1019 2735 1102 2801 inter
1124 2753 1159 2801 11
1182 2734 1340 2819 discretis,
1368 2743 1403 2802 ut
1423 2756 1482 2822 pro
1505 2742 1592 2802 certo
1614 2734 1700 2801 effici
1722 2739 1862 2818 nequeat

230 2853 346 2936 quibus
368 2854 460 2920 libris
482 2861 611 2940 praeter
625 2860 661 2934 lt,
687 2876 781 2940 quem
804 2855 1006 2940 potissimum
1030 2855 1157 2922 adferre
1181 2857 1271 2938 solet,
1298 2877 1376 2946 usus
1399 2857 1452 2923 sit.
1492 2877 1596 2940 neque
1617 2855 1787 2940 quicquam
1810 2874 1862 2920 re-

231 2971 303 3040 fert.
350 2982 521 3059 praeterea
542 2976 715 3042 editionem
738 2977 893 3043 Venetam
916 2978 1086 3063 excerpsit.
1133 2976 1328 3044 emendandi
1355 2997 1396 3044 ne
1426 2977 1606 3063 periculum
1632 2975 1762 3059 quidem
1785 2975 1862 3042 lecit

231 3093 293 3159 nisi
316 3095 394 3160 locis
415 3095 629 3181 paucissimis.
677 3098 710 3162 in
738 3097 965 3164 commentario
995 3105 1151 3184 perpetuo
1182 3098 1253 3164 suni
1275 3097 1385 3164 iudicii
1409 3098 1511 3164 sirum
1534 3118 1570 3163 sc
1592 3098 1727 3182 praebet
1748 3103 1781 3163 et
1802 3115 1860 3162 no-

231 3213 303 3280 titia
326 3215 502 3282 litterarum
525 3216 816 3283 ecclesiasticarum
839 3220 937 3304 probe
959 3219 1158 3302 instmctum‚
1184 3227 1304 3284 utnon
1326 3238 1431 3305 pauca
1448 3218 1566 3286 rectius
1580 3238 1677 3302 quam
1693 3218 1861 3284 Bmwerus

231 3335 423 3420 exposuerit.

314 3457 454 3540 Eclogas
478 3478 496 3524 e
519 3457 687 3524 Fortunati
709 3460 904 3530 carminibus
926 3461 1067 3527 continet
1088 3461 1243 3527 vetustior
1265 3459 1409 3547 principe
1432 3459 1573 3528 editione
1597 3463 1708 3544 Georpi
1729 3461 1862 3524 Fabricii

229 3580 359 3642 collectio
381 3589 542 3662 poetaram
563 3590 699 3644 veterum
716 3585 987 3656 ecelesiasticorum
1016 3581 1125 3664 (Basil.
1148 3584 1291 3666 156411.
1310 3586 1448 3666 61511,
1474 3582 1566 3648 cuius
1589 3581 1656 3648 suis
1677 3580 1859 3648 1011111111

228 3706 276 3764 est
297 3699 426 3765 mentio.
474 3699 551 3766 item
575 3703 717 3767 Eduardi
737 3704 899 3787 ltoeclrinpi
919 3701 1018 3768 editio
1041 3701 1216 3768 carminum
1239 3722 1322 3787 quae
1344 3701 1388 3769 ad
1410 3703 1578 3769 Mosellam
1600 3702 1761 3788 pertinent
1788 3702 1855 3785 (111,

229 3822 283 3900 13;
310 3819 353 3904 X,
380 3823 415 3901 93
442 3820 502 3904 Ill,
532 3822 581 3904 12)
615 3840 711 3904 quam
734 3824 869 3890 Ausonii
891 3824 1048 3890 Mosellae
1070 3843 1100 3890 1.
1131 3825 1212 3888 1845
1234 3822 1351 3890 iterum
1374 3824 1481 3891 editae
1504 3823 1641 3890 subiecit
1667 3844 1699 3908 p.
1729 3826 1788 3887 105
1805 3842 1853 3906 sq.

227 3939 269 4007 de
291 3941 481 4028 hymnorum
500 3942 746 4010 collectionibus
769 3951 802 4011 et
823 3944 864 4011 dc
886 3945 1082 4011 carminibus
1098 3942 1217 4010 codicis
1233 3949 1261 4008 Σ
1278 3944 1480 4012 aGuerardo
1495 3944 1632 4030 primum
1647 3943 1744 4011 editis
1759 3963 1857 4028 supra

227 4061 351 4129 locutus
374 4083 456 4128 sum.

1014 4371 1063 4444 11.

312 4553 477 4620 Fortunati
500 4554 628 4621 codices
650 4563 804 4640 quotquot
826 4562 938 4623 extant
959 4564 1087 4642 praeter
1109 4563 1137 4621 Σ
1165 4556 1209 4623 ad
1238 4579 1335 4624 unum
1364 4556 1531 4642 exemplar
1551 4543 1688 4623 redeunt
1710 4554 1855 4621 mutilum

227 4680 259 4740 et
280 4680 462 4760 corruptum
485 4676 616 4742 saeculo
639 4683 675 4742 ut
696 4676 822 4744 videtur
844 4684 956 4744 octavo
978 4679 1085 4746 medio
1112 4679 1195 4763 (nam
1219 4699 1279 4745 nec
1302 4699 1402 4764 prope
1425 4676 1547 4744 afuisse
1569 4677 1697 4743 videtur
1715 4683 1781 4741 tam
1797 4674 1856 4741 de-

225 4803 361 4879 pravata
383 4795 477 4862 lectio
499 4796 540 4862 ab
563 4804 670 4864 aetate
686 4798 850 4884 scriptoris
866 4800 996 4866 saeculo
1012 4807 1102 4866 sexto
1117 4806 1255 4866 exeunte
1269 4797 1414 4866 florentis
1429 4804 1462 4866 11
1477 4798 1603 4866 codices
1619 4803 1729 4864 extant
1743 4801 1856 4863 octavo

226 4935 371 5000 nonoque
393 4915 524 4984 ineunte
547 4919 675 4986 saeculo
698 4919 811 5005 scripti
831 4919 906 5005 plus
929 4939 991 4986 uno
1014 4920 1117 5004 gradu
1139 4921 1181 4986 ab
1203 4920 1379 5006 archetypo
1398 4919 1547 5006 seiuncti)
1573 4919 1596 4984 i.
1615 4939 1645 4986 e.
1663 4917 1855 5005 1111111111-

225 5036 421 5122 rolingorum
443 5039 640 5123 temporibus
662 5040 704 5106 ab
726 5039 857 5106 interitu
879 5047 1051 5108 servatam.
1095 5040 1185 5124 *quod
1207 5041 1260 5126 qui
1283 5041 1407 5127 primus
1426 5039 1629 5125 transcripsit
1647 5061 1723 5106 cum
1746 5037 1855 5104 novis-

226 5158 341 5224 simum
363 5158 439 5224 libri
461 5179 589 5225 carmen
611 5159 674 5226 fine
698 5180 808 5228 carere
830 5161 964 5229 sentiret
984 5169 1244 5248 compertumque
1266 5162 1401 5228 baberet
1422 5162 1518 5248 plura
1536 5182 1632 5244 quam
1649 5160 1711 5228 sibi
1726 5165 1855 5245 praesto

225 5287 335 5346 essent
356 5286 471 5366 poetae
494 5281 636 5346 carmina
657 5289 779 5366 extare,
805 5283 1072 5368 subscriptionem
1095 5283 1231 5350 subiecit
1251 5282 1286 5348 iu
1308 5282 1421 5348 luen
1444 5289 1624 5367 servatam,
1649 5281 1852 5348 11111111-

225 5400 308 5466 sulto
330 5399 531 5487 inmutatam,
556 5401 590 5466 in
608 5405 686 5466 GGF
704 5403 774 5469 sine
797 5403 931 5469 consilio
945 5404 1115 5471 omissam:
1141 5421 1301 5471 1111111111
1323 5421 1361 5469 ns
1383 5421 1549 5484 arsurum
1571 5421 1700 5469 1111111
1722 5417 1857 5468 avaron

225 5539 335 5600 vsavrr
357 5539 477 5588 11111111.
525 5522 659 5588 lacunas
687 5523 744 5589 ille
773 5529 806 5589 et
834 5525 1033 5609 corruptelas
1059 5525 1226 5611 archetypi
1249 5523 1362 5592 sedulo
1386 5527 1542 5612 servavit,
1575 5524 1746 5594 nonnullas
1768 5518 1855 5587 haud

225 5643 320 5709 facile
342 5641 557 5709 eliminandas
580 5643 703 5709 librarii
725 5643 780 5726 qui
796 5643 897 5710 secuti
914 5652 988 5712 sunt
1001 5665 1122 5728 omnes,
1150 5652 1185 5712 ut
1198 5646 1293 5712 etiam
1310 5666 1394 5712 nunc
1409 5646 1536 5714 codices
1551 5646 1733 5730 conspirent
1747 5639 1854 5709 cuncti
