4456 6202
681 347 795 402 LIBER
813 347 862 401 Dic
881 345 1115 403 VIRTVTIBVS
1133 345 1271 403 SANGTI
1289 347 1447 404 HILARII.
1840 355 1874 417 11

249 538 394 604 occultae
424 537 629 622 cogitationis
657 538 799 603 facinora
827 538 972 605 revelata
1002 537 1165 622 adspexit,
1200 539 1431 622 consideravit,
1464 531 1623 623 ingemuit
1652 549 1684 608 et
1704 541 1811 626 flevit,
1844 548 1880 608 nt

248 641 356 706 saltim
378 642 581 707 lacrimarum
604 641 692 707 sonte
715 641 841 724 rigante
864 641 1011 724 dilueret,
1038 641 1125 724 quod
1149 642 1243 708 corde
1266 643 1473 728 delinquente
1488 644 1643 710 foedarit.
1682 645 1745 724 Qui
1765 651 1880 729 postea

248 745 370 810 maiora
392 746 506 811 obtulit
528 751 671 828 exactus,
698 765 792 810 cerae
813 744 932 810 iudicio
955 745 1146 829 castigante.

339 849 400 932 (34)
428 851 509 915 item
531 869 603 915 cum
625 848 718 914 iuxta
740 847 1001 914 consuetudinem
1025 846 1165 930 quadarn
1188 855 1280 914 nocte
1295 869 1408 916 cereus
1423 850 1633 917 inluminatus
1648 851 1771 934 fuisset,
1799 872 1876 919 casn
1898 849 1964 915 Xll

216 969 230 1008 a
251 970 347 1038 super
362 954 567 1038 sepulchrum
583 953 653 1018 eius
669 953 724 1035 qui
739 947 969 1017 intercessione
985 970 1045 1017 sua
1060 951 1202 1019 vivificat
1215 953 1333 1019 ardens
1350 955 1475 1034 corruit,
1495 954 1541 1021 ita
1557 961 1592 1020 ut
1603 974 1701 1041 super
1711 954 1879 1022 mafortem

248 1075 310 1137 quo
334 1056 449 1123 cecidit
470 1055 539 1121 sine
562 1055 707 1122 laesione
730 1057 841 1138 aliqua
863 1056 1061 1140 perarderet.
1101 1058 1186 1121 Nam
1201 1057 1403 1140 inquantum
1420 1057 1480 1123 fuit
1495 1077 1587 1125 cerae
1602 1059 1778 1142 longitudo,
1806 1079 1882 1126 cera

246 1159 356 1224 iacens
384 1160 515 1226 inventa
543 1166 610 1240 est,
643 1180 767 1245 papyro
798 1166 1000 1242 consumata,
1037 1165 1188 1243 tanquam
1212 1161 1240 1225 si
1263 1160 1431 1227 confinium
1455 1181 1530 1228 cera
1551 1161 1624 1247 ipsa
1646 1161 1777 1228 fecisset
1798 1162 1881 1228 inter

246 1263 355 1346 ignem
378 1267 411 1327 et
432 1263 585 1348 pallium,
619 1269 655 1328 ot
677 1264 718 1329 ab
741 1263 815 1347 ipsa
837 1263 1035 1329 inveniretur
1057 1264 1188 1330 defendi
1210 1284 1385 1349 perquam
1409 1265 1567 1349 potuisset
1588 1265 1689 1331 exuri.
1736 1266 1882 1332 Attendit

246 1367 449 1450 beneficium,
475 1373 510 1432 ut
533 1366 735 1432 oboediretur
757 1373 941 1452 praecepto.
981 1367 1086 1446 Quam
1109 1386 1237 1452 semper
1259 1368 1320 1433 soit
1342 1368 1488 1448 subdere,
1516 1368 1568 1433 hic
1591 1389 1698 1434 ceram
1721 1369 1807 1453 ignis
1822 1390 1880 1436 ex-

198 1489 228 1530 ro
247 1471 352 1554 pavit;
371 1491 468 1553 quam
484 1472 526 1536 ad
541 1469 676 1536 ardendi
692 1470 847 1536 auxilium
864 1477 1032 1552 sumserat,
1050 1467 1124 1556 ipsa
1138 1471 1210 1536 visa
1225 1479 1275 1537 est
1290 1492 1483 1557 repugnare.
1536 1473 1598 1556 (35)
1623 1471 1689 1538 Sed
1704 1472 1786 1538 inter
1801 1473 1881 1539 hacc

246 1574 329 1641 illud
351 1575 502 1640 admonet
523 1575 648 1660 potius,
674 1580 709 1638 ut
731 1574 872 1640 dicatur:
906 1575 940 1638 in
962 1574 1080 1640 virtute
1103 1573 1296 1640 contessoris
1321 1593 1402 1658 quas
1425 1575 1538 1641 didicit
1559 1593 1633 1640 cera
1655 1575 1801 1641 flammas
1824 1597 1881 1642 ex-

246 1678 353 1760 tinxit,
380 1686 412 1745 et
435 1697 589 1746 converso
611 1678 723 1744 ordine
746 1678 828 1744 illud
851 1698 871 1743 a
893 1698 956 1761 quo
980 1679 1086 1743 vorari
1108 1679 1211 1764 potuit
1225 1679 1435 1764 praelocavit.
1475 1678 1632 1746 Diversae
1648 1679 1774 1764 specics
1790 1701 1880 1746 suam

248 1782 338 1848 visae
368 1788 443 1848 sunt
470 1791 617 1849 naturam
647 1789 811 1848 mutasse:
844 1802 884 1848 ne
907 1781 986 1864 quid
1008 1782 1061 1848 hic
1083 1781 1233 1848 incendia
1256 1783 1436 1864 laederent,
1470 1782 1605 1867 pallium
1628 1803 1686 1869 pro
1708 1803 1877 1864 marmore,

248 1904 321 1952 cera
351 1886 412 1952 fuit
440 1906 498 1971 pro
527 1885 669 1952 flumine.
723 1887 782 1970 (36)
812 1885 878 1951 Sed
907 1891 1060 1970 quantum
1083 1892 1133 1952 est
1154 1887 1240 1971 apud
1263 1885 1357 1951 illurn
1380 1887 1464 1952 cerei
1486 1888 1594 1952 lumen
1617 1887 1805 1972 extinguere
1826 1888 1881 1973 qui

199 2007 228 2047 ιι
248 2011 416 2056 caecorum
439 1991 548 2056 lumen
571 1989 727 2071 accendit,
755 1995 811 2054 aut
834 2009 905 2054 cunr
928 1989 1062 2055 alterius
1086 1989 1254 2056 cadaveris
1278 1991 1476 2075 sepulturam
1498 1992 1660 2057 oculorum
1682 1991 1757 2075 igne
1774 1990 1881 2058 redin-

247 2101 363 2178 tegrat,
389 2115 485 2177 quam
509 2093 606 2160 facile
629 2093 788 2158 credimus
811 2093 852 2158 de
876 2093 1046 2178 sepulchro
1068 2094 1196 2179 proprio
1218 2101 1254 2159 ut
1275 2093 1421 2158 flammas
1444 2095 1610 2180 expoliati

338 2200 400 2283 (37)
427 2199 553 2264 Vellem
582 2197 689 2263 adhue
717 2197 888 2262 insatiatus
918 2196 1128 2262 sacratissimi
1157 2197 1217 2262 viri
1239 2197 1395 2262 miracula
1417 2198 1510 2281 quasi
1532 2197 1739 2282 peculiariter
1760 2197 1880 2264 decan·
1902 2194 1983 2260 XIlI

246 2308 326 2383 tare,
356 2301 414 2367 sed
437 2321 549 2368 vereor
570 2321 611 2367 ne
635 2299 720 2366 unde
743 2319 849 2366 meam
873 2300 967 2385 cupio
989 2300 1194 2366 devotionem
1217 2300 1387 2367 ostendero
1410 2301 1564 2366 auditoris
1587 2301 1727 2366 animum
1751 2301 1881 2368 fastidio

247 2413 400 2472 nascente
415 2405 528 2472 videar
542 2405 711 2471 obdurare.
765 2405 823 2486 (38)
852 2402 904 2468 Da
919 2403 1007 2484 mihi,
1027 2404 1090 2489 pic,
1118 2403 1246 2470 veniam
1266 2404 1307 2470 de
1322 2411 1429 2471 textus
1444 2405 1539 2471 huius
1554 2404 1724 2489 parvitate,
1751 2406 1794 2471 da
1809 2405 1882 2472 usui

196 2523 227 2568 ro
247 2510 393 2593 culpam,
429 2509 469 2575 de
498 2529 562 2592 quc
592 2509 746 2593 exiguum
776 2507 916 2572 dicerem
947 2507 976 2573 si
999 2507 1099 2572 libros
1121 2507 1306 2593 implerem,
1340 2529 1381 2574 nc
1405 2509 1480 2574 dum
1504 2509 1641 2576 hominis
1665 2510 1757 2595 cupio
1780 2511 1881 2576 vitare

250 2611 397 2695 fastidia,
432 2613 544 2678 videar
572 2613 734 2677 incurrere
764 2611 957 2677 confessoris
985 2610 1154 2676 offensam.
1201 2610 1268 2676 Sed
1296 2631 1465 2696 praesumo
1495 2613 1635 2697 plurima
1657 2613 1698 2680 de
1719 2620 1752 2680 te
1774 2613 1881 2679 minos

250 2714 365 2797 dicere,
392 2723 428 2781 ut
450 2717 491 2782 de
513 2722 546 2781 te
568 2717 678 2799 legere
700 2716 853 2800 populum
877 2714 1019 2780 brevitas
1042 2715 1116 2799 plus
1138 2714 1263 2780 invitet.

913 3062 994 3069 μ-
1002 3065 1117 3070 -—.--.-
1127 3065 1219 3070 —---

631 3503 634 3510 ,
737 3415 868 3513 virt
901 3414 1099 3513 suboli
1131 3333 1393 3514 subuniti.

340 3651 380 3732 (1)
408 3649 526 3715 Beatus
556 3648 654 3732 igitur
682 3647 863 3713 Germanus
894 3646 1088 3712 Parisiorum
1118 3646 1264 3731 pontifex
1292 3647 1442 3713 territorii
1469 3647 1766 3730 Augustidunensis
1794 3647 1920 3721 indi-1

196 3766 227 3808 ²⁵
247 3773 333 3836 gerra
370 3759 462 3837 patre
491 3752 678 3818 Eleutherio
711 3759 813 3817 matre
842 3771 967 3835 quoque
990 3750 1133 3817 Eusebia
1164 3751 1308 3817 honestis
1337 3751 1561 3833 honoratisque
1591 3752 1778 3837 parentibus
1807 3772 1883 3837 pro-

245 3863 372 3922 creatus
405 3864 464 3922 est.
517 3857 557 3940 (2)
586 3855 686 3922 Cuius
708 3855 872 3939 genetrix,
907 3875 964 3940 pro
987 3874 1025 3920 eo
1047 3855 1133 3938 quod
1155 3855 1241 3922 hunc
1262 3861 1336 3940 post
1356 3856 1493 3922 alterum
1515 3855 1600 3920 intra
1621 3855 1720 3922 breve
1742 3856 1882 3942 spatium

245 3961 445 4046 concepisset
465 3961 499 4026 in
523 3967 623 4042 utero,
649 3959 772 4045 pudore
797 3965 883 4024 mota
905 3957 1067 4040 muliebri,
1094 3957 1246 4044 cupiebat
1268 3964 1490 4044 antepartum
1506 3958 1662 4026 infantem
1678 3959 1878 4044 extinguere,

245 4071 278 4130 et
307 4071 441 4151 accepta
471 4065 620 4150 potione,
658 4070 694 4130 ut
721 4063 901 4128 abortivum
931 4062 1106 4148 proiceret,
1139 4061 1215 4128 dum
1245 4081 1362 4129 nocere
1391 4083 1455 4128 non
1484 4070 1613 4148 posset,
1647 4063 1821 4130 incubabat
1848 4065 1882 4129 in

246 4175 372 4252 ventre,
405 4175 442 4234 ut
471 4168 614 4253 pondere
643 4167 846 4254 praefocaret
875 4187 970 4250 quem
1000 4186 1127 4232 venena
1157 4167 1287 4233 laedere
1317 4187 1381 4232 non
1410 4167 1565 4233 valerent.
1625 4168 1664 4250 (3)
1692 4167 1883 4234 certabatur

196 4285 226 4327 ³⁰
246 4278 349 4338 mater
378 4291 450 4338 curn
481 4273 636 4357 parvulo,
671 4270 830 4337 renitebat
858 4269 967 4336 inians
998 4271 1040 4335 ab
1070 4275 1178 4336 utero:
1212 4276 1282 4337 erat
1309 4291 1386 4356 ergo
1415 4290 1526 4354 pugna
1553 4269 1638 4336 inter
1659 4270 1827 4337 mulierem
1850 4277 1883 4336 et

246 4375 381 4442 viscera.
423 4369 629 4442 Laedebatur
650 4382 798 4440 matrona
819 4394 880 4441 nec
901 4365 1077 4442 nocebatur
1098 4374 1246 4456 infantia,
1274 4374 1498 4440 obluctabatur
1513 4374 1648 4455 sarcina,
1676 4394 1716 4440 ne
1732 4374 1879 4458 genetrix

245 4478 336 4545 fieret
363 4479 537 4564 parricida.
589 4480 628 4564 (4)
656 4479 695 4545 ld
725 4485 831 4546 actum
864 4485 929 4562 est,
963 4484 999 4543 ut
1020 4485 1168 4545 servatus
1189 4477 1356 4544 incolomis
1378 4477 1450 4562 ipse
1472 4477 1616 4543 inlaesus
1639 4478 1827 4562 procederet
1848 4467 1882 4544 et

385 4673 657 4680 —--—-.-——.-..

335 4793 345 4843 i
367 4795 517 4854 cognitionis
538 4793 577 4856 (Α)
713 4795 846 4856 conspexit
864 4796 888 4843 A
923 4787 926 4796 ’
1018 4791 1193 4844 considerabat
1214 4791 1235 4840 c
1357 4791 1463 4842 delicuit
1481 4792 1504 4840 A
1638 4789 1654 4840 2
1672 4795 1794 4852 regnante
1814 4788 1847 4838 (ll

245 4883 350 4930 diluerit
368 4881 398 4944 0,
420 4881 533 4930 doluerat
552 4880 574 4927 A
702 4880 951 4932 bintercessionbtl
1056 4875 1112 4945 sua]
1130 4885 1240 4928 mortuos
1258 4877 1316 4930 odd.
1335 4875 1369 4927 0²
1472 4883 1611 4928 mauortem
1623 4877 1656 4940 A,
1675 4875 1711 4937 es.
1727 4877 1770 4924 Do
1787 4875 1878 4938 Conse,

249 4969 330 5018 Gloss.
349 4967 388 5016 cd.
410 4967 528 5016 Hcaecbel
546 4969 563 5014 1
567 4967 593 5030 V,
612 4983 638 5030 p.
660 4971 710 5017 m
841 4968 856 5016 'l
876 4971 1024 5028 consumpte
1042 4967 1066 5016 A
1196 4965 1212 5016 9
1230 4966 1382 5014 beneficium
1400 4962 1441 5032 ut]
1459 4979 1508 5016 cm.
1522 4965 1546 5013 A
1668 4964 1793 5014 oboediret
1813 4959 1847 5011 θ’

245 5051 299 5120 hic]
316 5053 403 5106 om.A
518 5053 546 5103 ll
568 5051 669 5121 didicit]
690 5055 733 5103 uA
849 5053 880 5102 13
898 5057 1011 5103 mutasse
1028 5057 1145 5102 naturam
1162 5053 1185 5100 A
1289 5066 1322 5101 ue
1340 5049 1413 5118 quid]
1431 5065 1515 5116 nque
1534 5052 1557 5099 A
1663 5048 1695 5099 14
1713 5063 1757 5112 pro
1774 5050 1880 5098 flumine

246 5143 298 5195 ruit
315 5143 338 5188 A
453 5139 485 5189 lb
503 5140 635 5203 sepultura
653 5141 676 5188 A
791 5140 822 5190 tt
840 5142 955 5189 obturare
976 5139 1017 5200 (A)
1125 5140 1156 5189 de
1175 5143 1263 5188 textus
1282 5139 1359 5189 butus
1377 5134 1514 5204 paruitate]
1531 5151 1564 5187 ne
1582 5142 1682 5186 textum
1699 5136 1777 5185 huius
1794 5138 1880 5198 parul-

246 5237 325 5282 utem
343 5229 469 5291 repellens
486 5227 611 5289 improbes
629 5228 652 5274 A
807 5224 879 5294 usui]
898 5228 994 5288 scripsi,
1016 5227 1099 5286 ausui,
1119 5241 1152 5276 eu
1171 5229 1198 5274 in
1215 5227 1294 5275 lituro
1314 5226 1344 5286 G,
1369 5227 1439 5274 casui
1459 5225 1500 5286 (A)
1658 5221 1688 5272 21
1710 5223 1839 5272 iutidtum
1856 5223 1880 5271 A

245 5318 278 5368 22
296 5327 419 5364 nxxnrorr
436 5327 517 5362 urnas
533 5327 569 5360 aa
587 5327 741 5362 rrxrrrrnrs
760 5312 800 5374 0¹,
821 5327 915 5362 sanari
933 5325 1040 5361 mauu
1058 5312 1116 5362 cdd.
1137 5309 1177 5372 6²,
1199 5315 1310 5375 sepultor
1327 5313 1431 5374 epistole
1449 5311 1483 5359 od
1501 5311 1598 5360 Abram
1615 5309 1696 5373 {ilium
1713 5323 1785 5358 mom
1804 5308 1850 5357 ΘΛ

332 5401 364 5452 23
385 5413 415 5449 rn
438 5413 544 5448 oanrsrr
567 5413 671 5448 neuras
694 5413 795 5448 rnorrrr
817 5414 880 5450 vrrs
903 5413 1001 5450 sancus
1020 5413 1053 5447 so
1074 5401 1135 5458 (nno
1153 5400 1184 5462 Ρ)
1204 5413 1360 5448 exurreerrrr
1379 5411 1501 5447 exemi
1523 5397 1651 5458 (xmsoorr
1669 5395 1728 5448 odd.
1748 5397 1779 5458 Ρ)
1799 5409 1879 5446 ruer-

246 5502 339 5538 srnosx
357 5501 435 5537 venre
453 5501 609 5536 annueris-rs
630 5487 785 5548 (amramis
803 5501 884 5536 sorra
902 5501 918 5534 s
936 5497 1105 5534 rennuentes
1123 5499 1282 5536 roarrnsro
1300 5498 1422 5534 xrrscoro
1440 5484 1499 5534 odd.
1515 5481 1548 5546 θ)
1569 5483 1613 5532 ΡΘ
1730 5481 1763 5532 24
1781 5485 1879 5545 agusti·

246 5576 368 5625 dunensis
384 5576 530 5636 pleramque
550 5573 604 5634 Po,
626 5575 660 5636 cs.
678 5588 755 5622 eorm.
774 5573 831 5634 V,c
936 5571 970 5620 25
989 5575 1058 5633 patre
1077 5569 1228 5640 eleutherio]
1246 5587 1274 5634 p.
1295 5582 1394 5634 quoqne
1412 5571 1569 5620 culeutherio
1586 5569 1610 5617 P
1712 5565 1763 5634 est]
1781 5582 1830 5620 om.
1847 5568 1879 5618 1³¹

246 5662 278 5712 2'l
297 5661 420 5710 muliebre
439 5659 462 5706 P
564 5659 597 5710 29
616 5657 656 5727 ut]
674 5661 716 5708 uel
734 5658 792 5708 odd.
808 5655 843 5705 0²
947 5655 1100 5724 carneam]
1118 5659 1147 5720 P,
1169 5659 1203 5720 cs.
1223 5663 1321 5720 portem
1337 5660 1362 5721 1,
1382 5673 1407 5719 p.
1428 5661 1479 5708 391

1632 5751 1672 5802 2!
