4456 6202
368 348 387 408 2
979 335 1151 394 vreheri
1169 337 1388 395 FORTVNATI

367 542 417 600 est
439 554 535 619 quam
550 537 699 615 meretur,
726 538 759 598 et
773 531 877 598 virum
892 529 1131 596 sanctissimum
1147 529 1323 595 consultius
1339 529 1416 595 mihi
1434 529 1476 595 sit
1490 529 1600 596 mirari
1615 550 1712 614 quam
1726 528 1836 613 loquii
1871 530 2004 614 Aequa-

365 637 465 703 bilius
495 635 601 702 fuerat
629 636 711 702 haec
739 636 834 701 heato
855 633 1025 699 Ambrosio
1052 632 1093 699 de
1116 632 1215 700 fratre
1238 633 1408 700 scribenda
1429 635 1602 718 mandare,
1635 633 1686 700 oni
1708 635 1809 700 verba
1830 633 2003 699 virtutibus

367 740 536 807 coniuncta
564 738 732 806 florebant.
784 738 824 824 (5)
852 737 918 804 Sed
944 758 984 804 ue
1012 742 1173 822 protracta
1195 737 1317 824 pagina
1339 736 1505 803 fastidium
1526 737 1632 823 potius
1655 743 1788 822 generet
1808 759 1905 821 quam
1928 757 2004 823 pro-

368 851 461 910 vocet
482 843 678 924 auditorem,
710 841 771 908 etsi
793 863 864 909 cum
888 862 961 908 mea
983 840 1179 907 verecundia
1200 841 1293 907 vohis
1315 840 1444 926 quidem
1468 840 1703 908 oboedientiam
1727 848 1759 907 et
1780 841 1831 907 illi
1852 841 2004 926 impendo

369 947 410 1014 de
433 968 495 1032 quo
518 968 583 1013 non
605 946 704 1031 digne
726 947 840 1030 loquor
859 944 1027 1027 iniuriam,
1059 945 1119 1012 sed
1140 945 1274 1011 concedi
1294 945 1423 1011 veniam
1445 945 1605 1012 oredimus
1627 945 1713 1030 quod
1735 945 1903 1012 devotione
1926 965 2005 1030 pec-
2025 965 2039 1004 ι

368 1070 489 1117 camus.
537 1051 632 1117 Nunc
656 1050 697 1116 de
720 1049 790 1116 eius
812 1050 879 1116 vita
900 1068 1126 1136 proponamus.

296 1156 345 1220 ΙΙΙ
458 1155 499 1238 (6)
524 1154 627 1238 Igitur
648 1155 763 1220 beatus
778 1152 921 1219 Hilarius
937 1153 1139 1218 Pictavorum
1161 1152 1250 1217 urbis
1273 1151 1444 1237 episeopus
1466 1151 1608 1237 regionis
1624 1152 1818 1235 Aquitaniae
1834 1152 2000 1234 ouundus,

366 1278 449 1342 qnae
479 1259 520 1324 ab
550 1277 671 1325 oceano
694 1257 876 1323 Britannico
906 1255 973 1322 fero
995 1257 1086 1322 milia
1108 1256 1284 1340 nonaginta
1307 1255 1501 1341 seiungitur,
1536 1255 1625 1342 apud
1647 1255 1836 1322 Gallicanas
1858 1254 2003 1321 familias

365 1361 543 1428 nobilitatis
566 1360 718 1447 lampade
740 1381 803 1427 uon
825 1361 989 1443 obscurus,
1017 1362 1114 1426 immo
1136 1359 1241 1443 magis
1265 1380 1343 1445 prae
1360 1359 1476 1426 ceteris
1493 1360 1600 1444 gratia
1613 1360 1838 1445 generositatis
1855 1366 2000 1442 ornatus,

365 1466 467 1532 nitore
481 1464 620 1550 pectoris
635 1464 755 1547 addito,
776 1464 871 1548 quasi
886 1464 1053 1548 refulgens
1067 1464 1182 1530 lucifer
1195 1463 1278 1530 inter
1292 1469 1380 1529 astra
1394 1463 1560 1550 processit.
1614 1465 1654 1549 (1)
1681 1464 1781 1530 Cuius
1797 1484 1818 1529 a
1834 1462 2004 1530 cunabulis
2027 1484 2058 1525 io

365 1575 457 1636 tanta
479 1568 640 1654 sapientia
662 1566 825 1653 primitiva
846 1569 1025 1635 lactabatur
1046 1567 1199 1652 infantia,
1225 1567 1347 1634 utiam
1368 1574 1444 1634 tune
1467 1568 1626 1654 potuisset
1645 1568 1811 1652 intellegi,
1839 1566 2002 1635 Christum

365 1673 399 1739 in
421 1673 489 1740 suis
512 1673 619 1739 causis
644 1693 702 1758 pro
726 1673 902 1739 obtinenda
924 1673 1057 1738 victoria
1078 1673 1296 1738 necessarium
1319 1671 1383 1738 sibi
1403 1672 1540 1739 iussisse
1562 1672 1696 1739 militem
1718 1670 1900 1758 propagari.

458 1778 495 1860 (8)
523 1777 671 1861 Denique
702 1776 872 1860 coniugem
894 1776 1019 1842 habens
1041 1782 1074 1842 et
1095 1774 1195 1842 liliam
1216 1775 1263 1841 ita
1284 1775 1486 1862 plenitudine
1508 1776 1629 1842 domini
1651 1775 1855 1844 venerabiles
1877 1774 2004 1841 animos

365 1879 606 1948 ecclesiasticae
634 1881 767 1964 regulae
790 1879 930 1945 ‘tradidit
956 1879 1193 1961 informandos,
1228 1886 1264 1945 ut
1292 1880 1398 1946 adhuc
1427 1879 1461 1945 in
1491 1879 1600 1946 laicali
1625 1878 1788 1966 proposito
1810 1878 2003 1946 constitutus

367 1985 476 2051 divino
506 1990 585 2058 nutu
613 1983 774 2070 pontificis
802 1983 941 2068 gratiam
970 1983 1169 2070 possideret:
1201 1983 1248 2049 ita
1278 2002 1313 2050 se
1335 1984 1443 2068 ipsum
1465 1984 1594 2069 propria
1616 1983 1789 2068 disciplina
1811 1983 2004 2051 cohercebat
2027 2004 2059 2044 ιι

366 2090 509 2155 intentus
534 2087 627 2171 quasi
650 2086 789 2154 futuram
814 2087 955 2172 speciem
975 2085 1133 2170 indicans,
1160 2093 1196 2153 ut
1216 2085 1516 2172 inreprehensibilis
1538 2087 1571 2152 in
1593 2088 1713 2174 templo
1730 2087 1848 2155 Christi
1862 2109 2004 2174 praepa-

367 2199 491 2259 raretur
515 2190 676 2258 sacerdos.
731 2192 769 2274 (9)
796 2191 879 2256 Nam
896 2189 981 2274 quod
994 2190 1078 2256 inter
1093 2191 1244 2257 mortales
1259 2191 1357 2259 valde
1373 2190 1500 2257 videtur
1515 2191 1659 2276 difficile,
1684 2199 1750 2258 tam
1769 2198 1898 2258 cautum
1913 2210 1998 2275 esse,

365 2296 421 2381 qui
443 2316 479 2362 se
501 2317 522 2361 a
543 2295 674 2361 Iudaeis
696 2296 748 2360 vel
770 2293 945 2361 haereticis
968 2294 1037 2361 cibo
1061 2294 1248 2381 suspendat,
1275 2294 1356 2361 adeo
1379 2295 1428 2360 vir
1450 2295 1672 2362 sanctissimus
1695 2296 1805 2362 hostes
1821 2295 2002 2363 catholicae

366 2398 532 2484 religionis
554 2398 729 2482 abhorruit,
756 2405 875 2464 utnon
899 2397 1004 2464 dicam
1028 2398 1210 2465 convivium
1233 2399 1291 2466 sed
1314 2419 1419 2483 neque
1443 2399 1594 2467 salutatio
1616 2399 1713 2467 fuerit
1735 2419 1807 2466 oum
1831 2400 1883 2466 his
1906 2421 2004 2486 prae-

366 2503 505 2570 tereunti
527 2502 715 2570 communis.
762 2503 893 2568 Vitabat
914 2503 996 2568 haec
1025 2502 1173 2570 Davitico
1197 2503 1347 2569 suffultus
1371 2504 1529 2589 exemplo,
1556 2523 1597 2569 ne
1620 2523 1693 2570 oum
1716 2503 1887 2571 haereticis
1909 2524 2004 2570 men·
2025 2521 2057 2565 ιο

367 2627 423 2674 sae
451 2605 674 2693 participando
696 2604 787 2672 fieret
808 2605 859 2672 illi
881 2605 914 2672 in
938 2607 1138 2673 scandalum.
1191 2607 1253 2690 (10)
1280 2607 1307 2673 Ο
1330 2627 1425 2692 quam
1447 2605 1716 2692 perfectissimum
1740 2607 1875 2691 laicum,
1909 2607 2004 2674 cuins

365 2710 544 2777 imitatores
565 2708 630 2795 ipsi
652 2728 724 2775 esse
746 2709 932 2776 desiderant
955 2709 1148 2793 sacerdotes,
1177 2711 1228 2776 cui
1248 2730 1313 2777 non
1336 2710 1397 2776 fuit
1419 2711 1509 2776 aliud
1530 2711 1639 2778 vivere
1662 2711 1725 2778 uisi
1743 2710 1905 2778 Christum
1928 2732 2003 2778 cnm

366 2813 537 2881 dilectione
567 2814 678 2881 timere
707 2822 740 2881 et
768 2834 839 2880 cum
869 2813 983 2880 timore
1012 2813 1164 2899 diligere,
1200 2835 1295 2900 quem
1324 2821 1493 2900 sequentes
1517 2821 1646 2881 currunt
1668 2815 1710 2881 ad
1732 2815 1869 2899 gloriam
1892 2815 2003 2883 diver-

365 2926 470 2986 tentes
497 2917 541 2984 ad
568 2938 718 3004 poenam,
754 2917 897 2985 credenti
927 2917 1103 2984 succedunt
1131 2919 1276 3004 praemia
1304 2919 1465 2985 recusanti
1487 2921 1663 2986 tormenta!
1716 2920 1778 3002 (11)
1805 2917 1869 2996 Qui
1892 2925 2003 2985 tamen

366 3044 451 3090 nnnc
472 3023 547 3089 illos
570 3022 611 3088 de
633 3023 687 3107 pio
709 3021 877 3105 religionis
900 3041 995 3107 opere
1019 3041 1233 3106 commonens,
1260 3043 1344 3088 nnnc
1366 3022 1448 3088 alios
1471 3022 1511 3088 de
1534 3022 1736 3089 confessione
1751 3021 2003 3090 inaestimabilis
2025 3040 2057 3084 ιι

366 3133 498 3194 sanotae
525 3125 677 3192 trinitatis
706 3125 900 3208 informans,
934 3144 1018 3190 nunc
1048 3125 1190 3209 reliquos
1218 3125 1429 3212 promissione
1456 3126 1549 3210 regni
1572 3125 1722 3193 caelestis
1744 3126 1905 3210 inuitans,
1937 3147 2004 3193 non

301 3233 346 3299 IV
369 3231 518 3298 cessabat
539 3230 573 3295 in
594 3230 690 3315 plebe
713 3231 813 3295 verba
834 3227 980 3294 veritatis
1003 3227 1107 3294 fructu
1131 3228 1208 3295 fidei
1230 3229 1444 3295 redundantia
1466 3229 1637 3296 seminare.
1689 3233 1750 3314 (12)
1778 3230 1848 3309 Quo
1874 3231 2003 3314 cognito

322 3343 326 3345 ’
367 3335 408 3402 de
431 3340 541 3401 saneto
556 3333 693 3412 Hilario,
720 3333 869 3417 qnoniam
893 3337 1015 3397 tantum
1033 3333 1141 3398 lumen
1157 3331 1219 3398 etsi
1233 3331 1391 3399 voluisset
1405 3333 1507 3399 latere
1522 3353 1587 3398 non
1601 3340 1725 3418 posset,
1753 3334 1873 3420 quippe
1888 3354 2005 3401 neces-

367 3438 487 3520 sarius,
521 3444 556 3503 ut
577 3437 703 3503 alienas
725 3437 875 3502 tenebras
897 3434 931 3499 in
952 3435 1057 3501 lucem
1080 3435 1283 3520 transferret,
1317 3436 1528 3503 concordante
1551 3435 1662 3504 fauore
1683 3437 1795 3523 populi
1818 3443 1873 3503 aut
1894 3438 2003 3525 potius

367 3543 421 3609 dei
442 3541 558 3628 spiritu
580 3541 809 3626 proclamante,
839 3538 890 3603 vir
911 3538 987 3604 olim
1010 3540 1172 3624 mysteriis
1196 3539 1369 3625 deputatus
1391 3541 1566 3624 aliqnando
1589 3539 1690 3606 sacris
1712 3541 1869 3608 altaribus
1892 3562 2004 3609 sacer·
2025 3563 2056 3604 ιο

367 3647 425 3713 dos
448 3647 571 3713 electus
592 3650 652 3711 est.
706 3644 767 3728 (13)
795 3642 969 3709 Crescebat
990 3641 1024 3707 iu
1047 3664 1085 3709 eo
1108 3643 1224 3710 cotidie
1247 3643 1355 3730 opinio
1379 3643 1566 3710 famulatrix
1587 3644 1739 3711 virtutum
1761 3666 1821 3712 neo
1843 3652 1912 3713 erat
1931 3646 2004 3713 eins

367 3750 456 3817 fama
484 3754 633 3816 contenta
662 3747 883 3813 circumiectas
905 3752 1031 3813 tautum
1055 3747 1181 3814 Gallias
1203 3747 1375 3815 inlustrare
1398 3749 1456 3815 sed
1478 3756 1605 3816 exteras
1627 3749 1776 3816 nationes
1799 3756 1832 3816 et
1853 3749 2004 3834 regiones

366 3855 532 3940 implebat.
586 3852 769 3919 Meritorum
799 3850 905 3937 gratia
932 3857 1137 3937 percurrente
1166 3851 1201 3918 id
1230 3859 1337 3918 actum
1366 3860 1431 3936 est,
1467 3859 1501 3921 ut
1531 3859 1596 3921 toto
1627 3853 1702 3919 orbe
1731 3852 1884 3919 velociter
1912 3853 2003 3920 beati

367 3955 528 4044 pontificis
551 3955 655 4039 gloria
677 3955 842 4022 militaret.

322 4062 351 4128 V
410 4059 416 4070 ''
463 4060 524 4143 (14)
552 4057 655 4143 Igitur
677 4057 856 4124 Constantii
884 4058 1085 4144 imperatoris
1115 4065 1257 4145 tempore
1280 4080 1352 4126 cnm
1374 4058 1512 4126 Arriano
1533 4059 1680 4128 haeresis
1702 4067 1862 4127 venenata
1884 4059 1926 4126 de
1948 4082 2005 4129 ra·
2025 4085 2058 4127 ιι

369 4163 441 4229 dice
469 4161 547 4228 flore
575 4161 679 4228 toxico
709 4162 900 4246 pullularet,
933 4168 1009 4229 tunc
1037 4163 1087 4228 vir
1109 4163 1335 4231 sanctissimus
1356 4164 1468 4230 timore
1490 4165 1596 4230 nudus
1619 4163 1695 4230 fidei
1716 4164 1841 4231 feruore
1863 4165 2005 4232 vestitus

368 4265 461 4351 quasi
484 4265 619 4350 signifer
639 4265 846 4350 belligerator
868 4286 928 4351 per
948 4266 1072 4332 medias
1096 4267 1184 4333 acies
1206 4267 1289 4334 inter
1310 4266 1445 4333 hostiles
1468 4266 1613 4335 fremitus
1634 4268 1718 4333 inter
1733 4268 1913 4336 haereticos
1928 4271 2004 4354 gla-

369 4371 439 4437 dios
463 4389 498 4436 se
520 4370 697 4454 ingerebat,
725 4369 847 4436 Christi
869 4369 1002 4436 caritate
1025 4389 1172 4454 securus,
1197 4370 1279 4436 nihil
1301 4370 1342 4436 de
1366 4389 1425 4437 sua
1446 4379 1548 4438 morte
1571 4371 1765 4455 formidans,
1791 4371 1874 4438 illud
1897 4373 2003 4439 solum

369 4479 528 4557 metuens,
555 4473 642 4558 quod
662 4473 763 4558 absit,
789 4473 989 4559 praeiudicio
1011 4473 1179 4558 religionis
1200 4475 1301 4540 inlato
1323 4495 1364 4541 ne
1387 4475 1520 4542 viveret.
1573 4477 1634 4562 (15)
1662 4474 1745 4543 Hinc
1767 4497 1788 4542 a
1810 4465 1946 4544 Valente
1970 4484 2006 4546 et

456 4735 537 4799 esec.
558 4737 653 4799 διιῑρίι.
674 4735 729 4787 Sco.
756 4735 844 4788 Chaon.
866 4738 904 4800 11,
924 4739 966 4798 39,
989 4741 1004 4784 t
1028 4741 1083 4785 tum
1106 4735 1235 4785 Eusebius
1253 4737 1455 4786 vercellensium
1479 4742 1505 4786 et
1523 4738 1626 4788 Lucifer
1650 4739 1764 4788 eCarsli
1785 4738 1916 4789 Sardiniae
1945 4741 2005 4803 epi·

456 4979 471 5028 5
489 4955 641 5028 accersio
747 4978 762 5028 6
780 4992 904 5028 sxrurcrr
915 4992 1050 5030 rnonoose
1062 4993 1163 5029 morere
1175 4993 1275 5030 rsxrre
1291 4980 1333 5043 (1¹,
1353 4993 1433 5030 umes
1451 4993 1548 5030 essem
1566 4993 1674 5030 urrann
1691 4993 1865 5030 coursesonrs
1877 4979 1939 5030 cdd.
1957 4979 2003 5045 6²,

368 5080 491 5118 examore
508 5079 642 5114 rsonoous
665 5065 691 5128 l',
722 5077 824 5113 ruorrrr
841 5078 904 5114 vrrs
922 5066 980 5116 odd.
1001 5068 1024 5115 A
1186 5064 1376 5135 iuqufteniae]
1393 5068 1508 5130 pertibus
1526 5069 1565 5116 Χ.-
1593 5069 1705 5117 Platonis
1722 5083 1799 5118 cam.
1826 5067 1898 5128 vm,
1922 5071 1947 5128 1,
1969 5069 2004 5117 13

369 5154 525 5206 Bbritsnico
547 5153 578 5216 G,
599 5152 732 5200 brittanico
750 5151 784 5215 A,
808 5150 844 5212 cs.
863 5166 938 5203 cumn.
960 5153 1015 5214 111,
1036 5153 1078 5214 2⁶,
1100 5155 1157 5203 dei
1173 5156 1266 5215 possim
1371 5156 1424 5203 fere
1442 5155 1513 5203 milis
1531 5151 1680 5222 nonagintr]
1705 5155 1829 5216 octoginta
1849 5153 2005 5217 (octuaginta

373 5245 399 5306 Υ)
421 5244 552 5291 formem.
573 5239 620 5288 ΧΥ
742 5237 770 5287 11
791 5242 875 5288 nnus
894 5240 1024 5303 sepientes
1040 5265 1077 5276 -
1093 5240 1152 5291 isot.
1177 5241 1219 5288 VA
1350 5240 1382 5292 12
1401 5255 1535 5306 propagare
1557 5241 1600 5290 Vri
1723 5239 1754 5291 1³
1772 5241 1928 5290 uenersbiiis
1946 5243 2005 5292 sni-

369 5341 438 5378 mnm
456 5353 490 5366 -
507 5325 695 5376 informandum
714 5325 766 5388 Vs,
787 5326 900 5374 animum
919 5327 975 5374 eins
993 5329 1181 5389 exsequebatur
1197 5333 1274 5390 etque
1292 5331 1321 5376 ut
1338 5328 1496 5380 informando
1514 5328 1583 5377 nites
1601 5328 1709 5378 nitorem
1725 5329 1881 5390 propositum
1899 5335 2003 5380 esnone

368 5415 496 5477 religionis
514 5414 640 5462 imbueret
658 5418 734 5476 atque
752 5413 839 5461 diuino
857 5417 922 5462 nutu
941 5414 1070 5463 sublsicsll
1086 5414 1174 5463 habitu
1193 5415 1362 5477 pontificalem
1382 5417 1488 5476 gratim
1505 5416 1557 5464 iem
1575 5413 1716 5476 possideret
1734 5414 1760 5462 Χ
1865 5412 1896 5464 18
1915 5415 2003 5466 ludaei

369 5503 411 5551 uei
429 5500 546 5550 haeretici
567 5499 610 5548 VA
722 5498 755 5549 21)
773 5513 885 5549 mensem
907 5499 949 5548 l'A
1061 5499 1093 5550 27
1111 5502 1139 5550 iu
1157 5497 1243 5568 plebe]
1260 5501 1366 5563 impiere
1390 5500 1432 5550 l'A
1543 5498 1617 5568 fidel]
1635 5499 1707 5550 corde
1728 5499 1809 5562 [eorde
1828 5501 1860 5563 Α)
1879 5501 1939 5551 cdd.
1960 5503 2004 5552 Va

371 5586 404 5638 28
423 5589 540 5650 quonism
556 5611 593 5622 —
610 5582 706 5652 posset]
724 5587 791 5649 quod
806 5613 842 5624 -
859 5589 944 5651 potnit
967 5587 1009 5636 l'A
1131 5587 1164 5637 30
1183 5589 1331 5636 ministeriis
1353 5588 1532 5648 (saecularibus
1552 5587 1611 5636 cdd.
1631 5588 1662 5650 VJ
1689 5587 1732 5636 Va
1853 5585 1888 5636 36
1906 5585 2004 5657 mrito]

370 5673 405 5736 cs.
424 5687 501 5722 οιπη.
523 5673 570 5735 IX,
591 5675 615 5734 9,
638 5675 670 5722 16
