4336 6262
824 339 918 398 VITA
936 336 1053 396 ΒΕΑΤΙ
1071 339 1256 397 hlAVRILII.
1817 341 1857 404 89

225 535 377 619 angustia
407 533 589 600 constitutis
617 541 650 600 et
680 532 722 598 de
744 539 801 598 tua
823 530 1046 598 misericordia
1067 551 1143 598 vere
1167 529 1399 596 confidentibus
1422 530 1520 596 celeri
1541 529 1663 614 pietate
1686 528 1855 610 succurris,

226 638 363 704 subveni
392 637 467 704 huic
495 637 622 723 captivo
651 656 708 721 pro
730 655 794 719 quo
816 641 849 702 te
872 635 1011 720 supplex
1034 653 1143 700 exoro.
1195 635 1255 718 (39)
1283 633 1335 700 Ad
1356 633 1442 700 hano
1462 652 1580 718 nempe
1603 631 1779 698 sacerdotis
1801 651 1859 695 vo-

226 761 295 807 cem
325 747 417 808 tauta
443 740 495 806 vis
517 739 655 806 febrium
678 739 843 805 dominum
865 738 968 824 ipsius
990 737 1144 822 arripuit,
1178 742 1213 802 ut
1235 743 1408 819 antequam
1432 736 1574 822 perituro
1596 736 1761 820 paenitere
1785 755 1860 800 suo-

226 851 376 924 curreret,
404 844 551 930 spiritum
575 842 753 908 exhalaret.
807 842 868 926 (40)
895 843 978 906 Tum
1001 846 1093 906 tanta
1111 837 1282 905 formidine
1298 839 1417 905 caeteri
1433 839 1650 924 percelluntur
1666 845 1856 919 metuentes,

84 973 88 979 ·
193 969 207 1010 4
226 967 268 1013 00
290 966 326 1013 00
342 966 377 1012 se
399 946 491 1014 vivos
506 955 592 1012 terra
606 945 803 1026 absorberet,
829 951 865 1010 04
879 943 1049 1009 00001000
1064 948 1251 1027 expeterent
1266 942 1466 1008 sacerdotem
1482 941 1631 1008 flebiliter
1645 941 1856 1026 postulantes,

226 1049 377 1134 quatinus
400 1056 433 1115 et
455 1049 518 1115 sibi
540 1047 777 1132 indulgentiam
800 1056 832 1114 et
854 1046 1005 1114 defuncto
1028 1047 1096 1113 suis
1118 1046 1240 1113 meritis
1260 1045 1446 1130 adquireret
1461 1045 1572 1111 vitam.
1625 1047 1684 1128 (44)
1713 1044 1769 1109 Vir
1784 1064 1860 1110 vero

225 1154 340 1218 beatos
370 1152 504 1218 nimium
535 1161 701 1234 metuens,
734 1171 776 1217 00
803 1151 877 1236 1000
899 1150 1026 1217 occasio
1049 1156 1081 1216 et
1103 1169 1203 1216 causa
1225 1149 1313 1216 illius
1336 1156 1423 1215 esset
1444 1147 1647 1232 perditionis,
1682 1153 1860 1232 prostratus

227 1263 329 1322 terrae
358 1255 514 1322 inmensis
544 1255 728 1341 planctibus
757 1261 789 1320 et
818 1253 939 1320 crebris
967 1253 1163 1338 singultibus
1190 1241 1320 1318 1000004
1342 1251 1522 1333 Christum,
1556 1259 1591 1318 ut
1614 1249 1765 1316 defuncto
1787 1249 1862 1316 red·

227 1358 318 1426 deret
340 1359 491 1440 animam,
518 1378 579 1425 000
602 1365 700 1426 antea
722 1357 861 1424 surrexit
882 1378 904 1423 a
926 1357 1004 1440 0010,
1031 1357 1134 1423 40000
1156 1363 1189 1423 04
1202 1356 1354 1422 40400040
1370 1355 1470 1421 vitam
1486 1362 1518 1421 et
1533 1354 1662 1439 captivo
1677 1353 1874 1438 adquireret-

178 1462 419 1528 404140440ῐο0.
479 1463 542 1545 (44)
576 1461 807 1546 Negooiatores
837 1460 995 1544 denique,
1033 1468 1068 1527 ut
1097 1460 1159 1526 sibi
1187 1467 1343 1526 retroacta
1374 1458 1594 1545 praesumptio
1623 1457 1855 1541 indulgeretur,

227 1566 338 1631 multis
366 1565 509 1633 donariis
539 1565 645 1650 ipsum
675 1565 912 1631 honoraverunt
934 1565 1103 1630 0410000.
1152 1563 1243 1642 Quae
1265 1583 1367 1649 prope
1389 1557 1497 1628 cinnia
1519 1561 1705 1626 virbeatus
1727 1560 1761 1625 iu
1783 1579 1862 1625 usus

227 1688 406 1755 paupemm
430 1667 609 1754 deputavit.

316 1774 380 1854 (43)
407 1771 565 1837 Nimirum
598 1777 783 1857 praeterea,
817 1777 853 1837 ut
882 1769 1087 1836 necessitudo
1116 1770 1281 1856 compellit
1309 1769 1467 1850 humana,
1500 1768 1598 1852 Argis
1628 1767 1717 1834 haud
1739 1766 1865 1833 modica
1885 1765 1918 1829 X

228 1875 387 1940 mercibus
410 1874 529 1940 referta
550 1895 609 1960 per
631 1874 772 1959 Ligerim
795 1873 983 1940 vehebatur.
1025 1874 1115 1952 Quae
1138 1893 1210 1939 cum
1233 1880 1344 1940 000440
1359 1873 1536 1939 00104400
1558 1869 1759 1952 ascenderet,
1786 1872 1863 1936 sub-

179 1979 273 2045 40140
296 1978 425 2045 turbato
448 1997 521 2044 cum
544 1977 675 2044 flamine
698 1983 794 2064 ponto
817 1978 911 2043 navis
932 1977 966 2042 in
985 1977 1176 2061 vertiginem
1191 1978 1363 2057 rotabatur,
1391 1976 1550 2060 frangitur
1565 1982 1716 2041 antemna
1731 1981 1864 2040 040000

228 2102 325 2167 prora
359 2081 537 2166 subrigitur
570 2081 700 2148 elevata
732 2081 766 2146 iu
795 2079 926 2162 fluctus,
963 2101 1048 2147 nunc
1076 2080 1195 2166 puppis
1224 2079 1412 2166 deprimitur
1438 2080 1523 2145 inter
1552 2079 1711 2145 undarum
1741 2077 1860 2144 hiatus.

233 2190 293 2269 (44)
322 2185 408 2251 Victi
430 2193 539 2252 autem
561 2192 681 2251 nautae
702 2191 876 2267 tantaeque
898 2184 1100 2268 tempestatis
1122 2184 1235 2250 timore
1257 2184 1435 2269 perterriti,
1469 2183 1511 2249 de
1533 2181 1696 2268 praesenti
1718 2182 1782 2247 iam
1805 2181 1864 2247 de·

229 2295 397 2374 sperantes
427 2289 551 2368 salute,
587 2288 679 2355 obliti
707 2287 815 2353 omnia
843 2287 937 2354 navis
967 2294 1166 2353 armamenta
1188 2287 1333 2354 iecerunt
1355 2288 1459 2354 solum
1482 2294 1605 2353 tantum
1629 2285 1864 2371 praestolantes

227 2392 408 2474 interitum,
447 2412 519 2458 eum
552 2399 685 2477 repente
712 2391 868 2456 inmensis
898 2391 1038 2456 clamare
1068 2391 1200 2456 vocibus
1223 2397 1396 2475 coeperunt
1418 2389 1579 2456 diceutes:
1613 2389 1782 2468 Miserere,
1816 2387 1865 2452 vir

176 2512 208 2554 40
229 2495 348 2562 Christi
371 2494 512 2576 Maurili,
540 2501 647 2562 nostro
670 2514 819 2562 succurre
841 2493 1029 2578 naufragio!
1063 2495 1160 2560 Potes
1184 2493 1270 2560 enim
1292 2493 1354 2560 huc
1375 2493 1519 2560 obtinere
1542 2513 1613 2558 cum
1637 2492 1780 2570 Christo,
1809 2489 1864 2572 qni

227 2604 302 2683 post
324 2598 421 2664 funus
445 2598 544 2664 vitam
568 2596 741 2682 adquisisti
763 2597 926 2663 defuncto.
987 2600 1049 2680 (45)
1076 2597 1129 2662 44
1157 2617 1293 2680 quorum
1324 2615 1420 2662 voces
1450 2615 1628 2680 exsurgens
1657 2595 1698 2659 ab
1721 2593 1864 2659 oratioue

228 2700 397 2766 Maurilius
426 2701 544 2766 festiue
574 2701 712 2767 cucurrit
740 2700 784 2765 ad
809 2701 886 2767 litus
916 2707 949 2766 et
977 2701 1104 2766 elevato
1135 2700 1168 2764 in
1191 2699 1363 2766 adversum
1387 2699 1491 2766 crucis
1514 2699 1607 2784 signo
1630 2697 1768 2782 imperat
1790 2717 1864 2782 pro-

229 2803 332 2868 cellae
361 2823 403 2868 ne
434 2804 584 2870 saeviret.
632 2803 761 2870 Cedunt
790 2823 865 2868 mox
896 2802 1043 2888 deposito
1072 2803 1177 2886 rigore
1200 2802 1391 2888 spiramina,
1422 2807 1639 2867 tumescentes
1661 2799 1769 2865 undae
1792 2819 1865 2864 ver-

227 2911 337 2970 tuntur
368 2905 402 2970 iu
436 2924 578 2988 aequora
611 2905 880 2989 subsequiturque
910 2924 1026 2971 serena
1055 2905 1282 2988 tranquillitas.
1342 2906 1404 2988 (46)
1432 2904 1545 2970 illaesi
1574 2924 1651 2987 ergo
1681 2909 1800 2968 nautae
1829 2909 1865 2968 ut

177 3024 209 3066 2⁵
229 3015 403 3092 coeperant
431 3007 596 3090 navigmm
626 3009 839 3092 expleverunt
866 3015 899 3074 et
928 3008 971 3074 ad
1002 3015 1144 3092 optatum
1168 3015 1291 3092 portum
1315 3006 1491 3073 sacerdotis
1512 3004 1616 3071 adiuti
1639 3005 1793 3089 suffragio
1816 3004 1865 3071 40-

228 3110 332 3176 liciter
353 3117 582 3197 pervenerunt.
1880 3101 1884 3106 ’
1926 3093 1930 3102 ’

320 3215 379 3298 (47)
408 3215 487 3280 Erat
509 3213 594 3279 enim
617 3213 778 3280 familiare
801 3215 896 3281 beato
919 3213 997 3294 viro,
1025 3221 1060 3280 ut
1082 3233 1166 3280 nunc
1188 3213 1453 3302 eeclesiasuunc
1474 3211 1616 3278 infirmos
1639 3210 1864 3295 evangelicum
1887 3209 1936 3273 lll

229 3336 357 3402 semper
385 3317 520 3402 cupiens
549 3315 685 3400 impiere
713 3325 919 3404 praeceptum
949 3317 1104 3400 verbique
1131 3315 1184 3382 dei
1206 3315 1416 3383 fidelissimus
1439 3317 1642 3402 dispensatur
1667 3315 1780 3382 sedule
1803 3315 1865 3380 oir-

227 3420 461 3516 0001404114
493 3440 534 3486 00
567 3421 653 3486 01440
686 3421 816 3487 00400
848 3421 1004 3504 fatigatus
1034 3440 1167 3507 corpore
1196 3419 1389 3502 defecisset,
1427 3420 1569 3488 habebat
1597 3418 1730 3485 humilis
1760 3437 1867 3484 sessor

177 3541 209 3582 ³0
229 3524 382 3605 asellum,
415 3542 478 3606 quo
505 3523 637 3607 saepius
665 3523 825 3589 utebatur.
878 3525 939 3608 (48)
967 3523 1071 3602 Quem
1100 3524 1266 3590 nocturnis
1295 3523 1377 3590 latro
1408 3523 1605 3608 temporibus
1628 3521 1866 3608 apprehensum

228 3627 329 3692 furari
351 3647 414 3693 nou
436 3626 559 3708 metuit,
587 3626 645 3692 sed
669 3625 782 3692 infelix
805 3626 881 3692 dum
904 3626 1029 3694 furatur
1049 3627 1189 3694 asellum
1212 3627 1365 3714 arripitur
1386 3647 1407 3692 a
1429 3624 1597 3692 daemonio
1620 3625 1715 3692 etsie
1730 3624 1864 3690 demens

229 3750 288 3815 per
317 3736 415 3796 totam
445 3735 570 3794 noctem
601 3729 816 3814 vagabundus
846 3730 1005 3797 illuditur.
1052 3731 1149 3796 Mane
1178 3737 1287 3797 autem
1317 3729 1443 3797 reddito
1472 3736 1547 3795 ante
1577 3729 1664 3795 fores
1693 3728 1781 3794 beati
1803 3727 1864 3792 viri

227 3833 320 3897 affuit
350 3832 497 3898 exsensis
519 3832 591 3918 ipse
614 3832 735 3917 pariter
757 3851 830 3898 euru
853 3834 969 3899 asello.
1021 3835 1081 3918 (49)
1111 3832 1239 3899 Crimen
1262 3831 1349 3916 quod
1371 3832 1573 3899 commiserat
1594 3832 1694 3898 invito
1717 3830 1864 3916 primitus

228 4027 389 4034 -..——....-.
396 4025 640 4032 .-—--—-——.

229 4145 381 4208 servodei,
408 4159 524 4196 00000440
543 4148 650 4208 0004140.
688 4146 748 4195 11100
766 4151 838 4195 40040
856 4147 933 4196 febris
951 4147 1080 4197 4004000
1099 4160 1179 4196 0000
1198 4148 1243 4208 001
1262 4151 1315 4195 0404
1333 4147 1424 4196 0040410
1442 4145 1595 4208 pertinacior
1612 4147 1734 4206 accinxit,
1762 4145 1863 4207 04001-

228 4233 305 4280 ritum
323 4244 400 4294 prope
418 4231 542 4280 redderet.
583 4230 632 4281 Sed
651 4237 751 4282 010404
769 4234 858 4283 beatus
877 4234 1011 4283 1100411100
1029 4235 1183 4296 0100410040,
1211 4234 1340 4283 dominum
1358 4237 1475 4295 04000404
1492 4245 1536 4296 040
1554 4233 1645 4294 140010,
1666 4232 1765 4282 4044140
1783 4232 1864 4281 00401

229 4318 323 4366 0001400
341 4322 369 4365 04
386 4318 502 4379 captivus
521 4319 640 4367 00041000
657 4319 784 4368 relaxatur
802 4337 817 4369 0
834 4321 947 4380 00401410,
967 4321 1031 4369 iiber
1049 4320 1133 4370 400400
1150 4333 1183 4368 04
1202 4321 1335 4381 00001010.

318 4401 647 4463 13-2644004404041000.
669 4406 701 4454 9:
727 4403 853 4463 Quomodo
872 4405 972 4455 Cbrieto
998 4407 1126 4469 040000140
1144 4419 1222 4455 00000
1239 4406 1397 4455 necessariae
1416 4406 1533 4454 14000010
1549 4407 1638 4454 usibus
1656 4405 1756 4465 negotia
1773 4403 1863 4466 40004-

228 4495 311 4537 tantes
335 4489 375 4537 410
398 4494 527 4551 00040000
552 4503 598 4553 004
617 4491 728 4552 Ligerim
748 4491 941 4541 discurrentiam
959 4492 1068 4554 habeut,
1093 4492 1228 4554 aliqnando
1246 4491 1367 4554 00004040
1385 4505 1471 4540 00400
1488 4491 1575 4552 grandi
1593 4491 1713 4550 mercium
1730 4503 1806 4539 00040
1823 4503 1864 4538 40-

228 4577 308 4624 404400
332 4576 417 4623 subita
441 4576 629 4638 perturbatione
653 4578 731 4626 40040
753 4583 837 4627 000440
863 4584 1000 4640 coeperunt
1024 4579 1104 4639 mergi
1130 4577 1727 4640 0041000014400004004014140140400000140.
1766 4575 1864 4625 Clama-

229 4665 321 4710 404004
343 4662 432 4723 440040
454 4662 609 4711 unanimiter
631 4668 724 4712 000400
749 4664 836 4713 4004410
861 4669 931 4713 0044
953 4668 979 4712 04
1002 4665 1108 4714 tristitia
1130 4664 1248 4713 00040041.
1287 4663 1359 4713 Tunc
1381 4665 1470 4712 beatus
1489 4663 1622 4712 1400411100
1639 4663 1669 4710 04
1687 4675 1774 4712 00400
1792 4673 1864 4710 voees

228 4752 364 4796 0004040400
385 4747 481 4810 04100,
508 4747 553 4796 004
575 4761 633 4797 mox
657 4749 801 4812 intrepidus
823 4762 868 4810 per
885 4743 949 4798 4401Ι
963 4752 1128 4800 0000400410444
1148 4750 1245 4814 400400,
1273 4755 1359 4799 000440
1376 4754 1551 4811 tempestatem
1570 4749 1712 4798 salvaturus
1730 4747 1865 4808 naufragos

228 4833 364 4892 egreditur.
402 4833 513 4896 Moxque
537 4840 567 4883 04
589 4835 764 4885 0404144000
782 4836 988 4898 periclitantibus
1005 4837 1176 4899 tranquillitas
1194 4837 1279 4886 subito
1298 4836 1383 4885 410400
1403 4836 1496 4885 virtute
1514 4836 1637 4885 40040004
1655 4834 1780 4883 041110001
1799 4846 1864 4880 000·

146 4983 148 4988 y
228 4922 269 4966 tae
287 4919 336 4966 1404
353 4919 419 4980 0004
438 4925 572 4981 coeperant
589 4926 766 4983 perrexeruut.

315 5001 348 5053 29
365 5030 401 5040 -
416 5017 442 5066 0.
464 5003 507 5068 94,
528 5007 546 5054 l.
568 5004 583 5054 ⁵
603 5004 775 5067 14004000οά00
791 5023 814 5057 e.
837 5010 884 5057 10:
909 5007 973 5056 Cum
996 5021 1041 5071 pro
1065 5008 1178 5058 subsidio
1199 5009 1324 5058 humanae
1349 5009 1506 5058 inormitatis
1529 5011 1568 5056 444
1593 5005 1634 5055 401
1657 5005 1763 5055 00011004
1786 5004 1863 5054 habe-

227 5097 280 5153 ret,
308 5104 383 5152 quem
408 5090 495 5140 004040
513 5092 569 5154 1000
587 5091 691 5142 humilis
710 5106 790 5141 sessor
808 5099 985 5156 consueverat,
1013 5107 1117 5157 0000040
1136 5095 1241 5157 0004040
1260 5096 1305 5144 001
1323 5095 1391 5143 41040
1410 5108 1459 5142 004
1478 5094 1569 5144 0100014
1587 5093 1717 5142 40444001
1736 5093 1863 5154 0141444010

228 5175 352 5238 04004000
376 5177 475 5225 01410400
500 5181 549 5226 004.
588 5176 637 5226 Sed
662 5177 724 5240 quid
749 5180 846 5228 10401101
872 5181 978 5240 contigit
1001 5181 1046 5243 qui
1064 5180 1110 5230 boe
1127 5194 1205 5230 ausus
1223 5181 1274 5230 4014
1293 5181 1452 5241 000441001οω
1470 5182 1631 5244 perpetraret
1668 5179 1862 5228 [1000001004-

229 5267 316 5322 400400
333 5275 378 5323 004
396 5267 474 5311 40400
493 5267 591 5312 noctem
610 5264 695 5326 fugam
714 5266 827 5315 00104000
845 5271 872 5314 04
889 5266 954 5315 nihii
971 5271 1056 5315 tamen
1074 5281 1222 5331 promovens
1234 5267 1355 5316 frustrato
1368 5267 1451 5314 labore
1463 5264 1626 5327 vagabundus
1638 5265 1760 5314 eluditur.
1794 5266 1862 5314 Luce

227 5349 385 5410 0040041400
403 5355 490 5396 000040
509 5350 562 5396 0140
580 5349 681 5398 001000
700 5364 775 5399 enum
794 5351 882 5400 414100
900 5357 1000 5402 coactus
1019 5353 1113 5402 virtute
1131 5358 1312 5416 400400000404,
1332 5365 1409 5414 quem
1428 5357 1458 5399 ut
1475 5355 1576 5400 sauctus
1594 5351 1796 5414 401000000414,
1818 5365 1863 5400 00-

317 5639 348 5689 13
367 5637 445 5708 argis]
462 5656 486 5691 0.
508 5641 552 5689 Do
573 5639 653 5703 004400
670 5639 709 5690 ed.
731 5641 810 5690 414400
829 5643 851 5703 4,
870 5659 896 5705 0.
911 5645 963 5692 ³82
1067 5642 1099 5692 at
1119 5641 1200 5712 euim]
1218 5652 1302 5694 sutem
1323 5643 1343 5692 P

306 5739 435 5782 Vasssrrrs
449 5741 603 5784 Poamarrs.
