4456 6202
372 317 411 380 10
980 309 1391 368 vnusrvrrnoarvrvsrr

370 503 472 584 ditas,
507 523 578 569 cum
607 503 641 570 in
667 503 778 586 requie
800 503 905 588 posito
927 501 1035 568 adhuc
1058 501 1285 569 sollicitudinis
1305 521 1371 568 non
1393 501 1478 568 desit
1499 502 1651 569 ubertas?
1687 503 1773 568 Nam
1794 502 1850 585 qui
1871 508 1947 567 tunc
1968 501 2003 566 in

370 608 494 691 synodo
523 607 567 673 ad
597 605 859 674 confundendum
888 605 1011 673 hostem
1035 606 1135 672 verba
1155 604 1267 672 fidelia
1290 605 1438 691 protulit,
1472 605 1525 671 hic
1546 605 1579 671 in
1604 625 1718 692 campo
1741 626 1832 672 arma
1852 604 2005 672 uacum

369 711 517 778 victoria.

296 813 345 878 IX
459 814 520 898 (24)
547 813 663 880 Mulier
684 813 718 879 in
740 815 811 880 vico
826 813 1006 898 Tonatiago
1029 813 1105 878 dum
1127 833 1245 895 aquam
1268 810 1311 878 ad
1333 831 1414 898 opus
1429 831 1523 877 suum
1539 819 1681 898 portaret
1696 813 1748 878 die
1764 812 1933 890 dominico,
1960 851 2004 862 -·

367 937 431 984 non
452 924 503 984 θεῖ
523 937 630 984 meum
651 935 746 984 nosse
768 937 832 1000 quo
857 923 1034 1002 praeventa
1056 923 1205 1002 peccato,
1237 951 1282 964 -
1304 934 1419 982 manus
1441 915 1589 982 adtacta
1611 923 1661 982 est
1682 937 1836 983 venarum
1859 915 2002 982 arefacto
2024 937 2038 978 θ

260 1083 261 1086 ,
367 1022 526 1087 discursu.
572 1022 664 1087 Tunc
692 1020 887 1088 revelatione
917 1021 1125 1104 commonita,
1159 1025 1194 1086 ut
1222 1019 1266 1086 ad
1288 1020 1392 1086 sancti
1415 1019 1528 1085 limina
1549 1019 1587 1086 si
1600 1021 1700 1086 vellet
1722 1021 1815 1086 salva
1837 1019 1906 1086 lieri
1928 1039 2004 1104 pro-

366 1132 502 1210 peraret.
554 1125 617 1209 (25)
644 1124 715 1202 Quo
736 1124 794 1190 illa
816 1125 920 1190 fidens
942 1125 1053 1190 nuntio
1075 1131 1237 1208 tamquam
1261 1145 1332 1190 oum
1353 1125 1425 1209 ipso
1440 1123 1590 1191 sanitatis
1605 1143 1684 1190 suae
1700 1125 1900 1209 praeviatore
1915 1125 2004 1190 laeta

366 1228 532 1313 percurrit.
583 1227 625 1294 nt
646 1228 722 1293 dnm
745 1228 779 1293 in
800 1228 936 1293 basilica
959 1228 1166 1312 psalleretur,
1201 1227 1349 1292 similiter
1371 1228 1405 1292 in
1428 1227 1629 1294 absolutionc
1652 1227 1705 1294 die
1727 1227 1905 1309 dominico,
1938 1248 2003 1311 quo

366 1336 587 1417 praecesserat
607 1351 731 1416 poena,
758 1337 869 1398 secuta
892 1337 967 1398 sunt
988 1332 1120 1414 gaudia.
1168 1332 1251 1397 Ecce
1275 1330 1540 1397 consuetudinem
1563 1331 1690 1416 patroni
1712 1331 1887 1416 singularis
1910 1352 2005 1396 ama-

365 1435 480 1516 bilem,
518 1435 572 1519 qui
606 1442 642 1501 ut
670 1435 814 1500 inveniat
843 1435 928 1518 quod
957 1441 1099 1519 praestet
1129 1441 1161 1500 et
1190 1453 1306 1500 causas
1336 1434 1493 1518 exquiritl
1541 1434 1568 1500 Ο
1598 1436 1693 1502 beate
1723 1435 1828 1502 Hilari
1858 1435 2001 1500 omnium
2025 1457 2056 1498 ro

366 1539 462 1604 corde
492 1558 547 1605 ore
576 1558 655 1604 voce
683 1538 859 1605 canmnde!
898 1538 989 1604 cuius
1019 1544 1084 1604 tam
1110 1538 1204 1624 larga
1233 1537 1417 1622 benignitas
1447 1558 1511 1603 non
1534 1539 1638 1604 solum
1661 1559 1697 1605 se
1719 1538 1819 1606 alicui
1840 1558 1904 1604 non
1926 1539 2004 1608 abs-

368 1642 479 1709 condit
501 1640 561 1708 sed
583 1641 711 1727 ingerit.

310 1746 342 1811 X
456 1747 516 1829 (26)
543 1746 719 1811 Veniamus
749 1745 791 1812 ad
822 1745 904 1811 alios
933 1745 1111 1812 venerandi
1134 1744 1256 1812 fructus
1279 1745 1438 1812 miraculi.
1485 1744 1655 1823 Quaedam
1677 1745 1873 1830 paralytica,
1908 1745 2004 1811 annis

365 1847 479 1915 adulta
506 1849 618 1934 puella
646 1870 709 1916 non
740 1850 869 1932 merito,
904 1849 974 1916 sine
1002 1849 1088 1916 vitae
1117 1849 1248 1915 vivebat
1271 1849 1399 1916 officiis.
1447 1849 1508 1916 Cui
1529 1849 1564 1914 in
1586 1847 1683 1915 funus
1705 1848 1839 1914 extincti
1862 1849 2004 1932 corporis

365 1959 487 2018 tantum
517 1953 672 2037 superetis
703 1953 811 2019 anima
841 1953 1022 2038 palpitabat
1050 1959 1082 2018 et
1111 1953 1145 2019 in
1175 1958 1241 2019 toto
1271 1953 1430 2018 cadavere
1459 1952 1583 2018 lumina
1611 1951 1706 2036 quasi
1736 1953 1806 2018 sola
1834 1951 1998 2036 vigebant,
2027 1975 2057 2016 rs

365 2056 455 2122 velut
476 2055 510 2121 in
532 2075 568 2121 se
591 2057 733 2122 membra
748 2063 873 2123 mortua
888 2056 1063 2140 vigilantes
1078 2056 1162 2122 oculi
1178 2055 1411 2122 custodiebant.
1465 2055 1527 2140 (27)
1555 2055 1629 2121 Non
1643 2057 1756 2139 lingna
1770 2061 1902 2140 torpens
1918 2055 2005 2121 intra

365 2159 466 2244 palati
488 2178 648 2224 cameram
670 2161 823 2227 volubilis
846 2161 1035 2227 excurrebat
1056 2179 1117 2225 neo
1138 2161 1201 2226 imo
1225 2159 1322 2226 ducta
1345 2159 1386 2226 de
1408 2165 1538 2244 pectore
1562 2179 1625 2227 vox
1648 2160 1777 2226 conlata
1798 2165 1923 2244 poterat
1944 2179 2005 2244 per

365 2264 464 2330 verba
492 2262 680 2348 disponere,
712 2283 776 2328 non
805 2282 936 2345 manus,
971 2284 1041 2328 cum
1073 2264 1179 2330 soluta
1207 2263 1447 2347 languesceret,
1483 2269 1617 2329 naturae
1648 2263 1758 2330 debita
1780 2263 1912 2330 servitia
1934 2263 2004 2330 dis-

366 2366 512 2432 solvebat
537 2386 642 2449 neque
672 2386 731 2450 pes
761 2367 922 2433 instabilis
952 2367 1164 2433 membrorum
1194 2367 1317 2433 ruitura
1347 2367 1565 2433 sustentabat:
1600 2367 1707 2434 adhuc
1736 2367 1833 2434 totius
1856 2367 2002 2452 corporis

363 2470 557 2536 infabricata
578 2489 687 2535 massa
708 2471 865 2554 torpebat.
917 2471 977 2553 (28)
1006 2470 1097 2548 Quae
1119 2470 1154 2535 in
1177 2469 1352 2537 festivitate
1368 2470 1440 2537 eius
1455 2470 1540 2536 intra
1555 2471 1724 2536 basilicam
1740 2470 1933 2554 positarum
1948 2471 2002 2536 in-
2022 2493 2055 2534 ro

365 2574 454 2657 genti
477 2573 586 2640 favore
608 2574 854 2658 expectantibus
876 2573 1024 2639 omnibus
1047 2581 1098 2640 est
1120 2581 1237 2640 erecta.
1277 2574 1316 2639 In
1338 2573 1433 2640 nnius
1456 2580 1565 2640 autem
1591 2593 1721 2659 corpore
1736 2574 1893 2640 miracula
1908 2575 2006 2659 plura

365 2677 538 2763 conplevit.
584 2678 759 2744 Attenuata
786 2698 926 2762 genuum
949 2677 1090 2761 vestigia
1112 2678 1288 2761 roboravit,
1322 2678 1466 2762 linguam
1489 2679 1648 2762 rigentem
1670 2677 1873 2744 flexibilitate
1896 2685 1929 2743 et
1951 2675 2031 2744 fa-'

366 2781 486 2848 cilitate
516 2781 605 2846 vocis
633 2781 769 2866 aptavit,
803 2781 848 2847 ad
869 2801 963 2848 usum
986 2781 1119 2848 lanificii
1141 2782 1266 2849 debiles
1289 2781 1449 2866 quondam
1472 2783 1598 2866 palmas
1622 2782 1777 2864 armavit,
1811 2781 2006 2850 liniamenta

365 2886 525 2952 viscerum
546 2884 652 2968 gratia
667 2884 713 2970 pii
728 2885 869 2952 muneris
885 2885 1051 2952 animavit.
1103 2886 1167 2970 (29)
1193 2884 1376 2970 Aliquando
1393 2892 1486 2952 vetus
1501 2885 1611 2951 inians
1627 2884 1660 2950 in
1676 2885 1775 2951 verba
1788 2887 1943 2971 prorupit,
1970 2893 2004 2952 et

364 2987 452 3072 quod
481 2995 531 3054 est
560 2988 765 3072 conspicuum
794 3008 872 3054 voce
899 2989 1004 3074 prima
1029 2989 1124 3054 lactis
1146 2987 1302 3055 alimenta
1323 2989 1494 3073 quaesivit.
1542 2989 1627 3072 llrgo
1650 2995 1685 3055 nt
1707 2990 1790 3055 tales
1813 2990 1901 3055 cibos
1925 2996 2002 3056 ante
2023 3012 2056 3053 ra

365 3093 473 3159 omnia
494 3099 656 3177 posceret,
691 3091 768 3176 quid
790 3091 881 3158 aliud
903 3091 997 3157 datur
1018 3091 1184 3176 intellegi,
1208 3093 1273 3158 ,nisi
1296 3093 1424 3176 quando
1446 3099 1562 3160 sanata
1584 3099 1648 3176 est,
1683 3099 1760 3158 tunc
1782 3093 1875 3178 prius
1896 3093 2003 3159 credi-

366 3196 469 3262 disset
490 3215 525 3262 se
547 3195 661 3262 nascit

294 3301 342 3366 XI
455 3301 516 3384 (30)
544 3300 613 3367 Nec
634 3300 717 3365 illud
739 3306 805 3364 tam
827 3297 924 3365 iidele
947 3298 1134 3383 mysterium
1150 3299 1313 3366 oblivione
1328 3301 1426 3366 noxia
1442 3299 1658 3367 subtrahatur.
1702 3301 1817 3382 ltaque
1842 3320 1914 3366 cum
1938 3300 2005 3368 duo

364 3403 581 3486 negotiatores
610 3402 652 3468 ad
674 3402 762 3469 beati
782 3401 953 3467 basilicam
975 3402 1188 3469 occurrissent
1208 3402 1366 3471 habentes
1389 3404 1524 3470 sormam
1547 3423 1640 3470 cerae
1665 3404 1758 3486 quasi
1781 3405 1946 3470 socialiter
1969 3405 2005 3470 in

366 3527 549 3590 commune,
587 3507 717 3590 quidam
746 3527 787 3572 ex
817 3505 869 3570 his
897 3505 1071 3590 alloquitur
1100 3507 1254 3590 alterum,
1289 3514 1337 3598 nt
1353 3528 1424 3573 eam
1454 3507 1516 3574 etsi
1545 3515 1612 3574 tam
1640 3527 1773 3592 parvam
1803 3529 1870 3574 rem
1892 3516 2056 3575 tamense

365 3617 454 3676 tanto
478 3609 655 3678 confessori
679 3611 731 3675 vel
755 3609 892 3676 libenter
914 3608 1073 3676 offerrent.
1116 3610 1183 3676 Sed
1204 3610 1237 3676 in
1260 3629 1387 3677 cassum
1411 3629 1472 3676 sua
1494 3612 1594 3677 verba
1615 3611 1648 3676 in
1671 3613 1778 3678 animo
1796 3613 1875 3678 socii
1889 3613 2007 3678 nolen-

365 3715 407 3781 tis
436 3715 602 3800 expendit.
655 3714 730 3798 Ipse
758 3721 867 3780 tamen
896 3734 967 3779 cum
998 3714 1126 3796 collega
1154 3733 1211 3779 sno
1240 3714 1275 3779 in
1306 3714 1449 3780 oratione
1478 3715 1706 3799 prosternitur,
1741 3735 1848 3781 ceram
1879 3716 2005 3783 occulte

366 3825 440 3886 ante
455 3817 613 3885 tremendi
630 3817 794 3902 sepulchri
810 3817 971 3884 cancellos
988 3817 1129 3902 exponit.
1172 3818 1232 3901 (31)
1252 3818 1326 3882 llox
1341 3817 1386 3883 ad
1400 3838 1527 3885 omnem
1543 3817 1771 3902 aequalitatem
1788 3838 1882 3884 cerae
1898 3817 2006 3903 ipsius

366 3923 491 4008 species
513 3942 548 3989 se
572 3921 684 3988 divisit
705 3927 753 4002 et,
787 3928 879 4006 parte
901 3921 990 3986 illius
1003 3920 1118 4014 *fidelis
1142 3921 1294 3987 oblatoris
1317 3928 1464 4007 accepta,
1500 3939 1575 4007 pars
1598 3922 1700 3987 altera
1722 3921 1907 3988 videntibus
1929 3923 2006 4006 plu-

365 4025 455 4092 rimis
478 4025 636 4090 volvendo
659 4043 760 4107 nsque
784 4023 827 4090 ad
849 4025 933 4090 alios
957 4025 1117 4090 cancellos
1139 4032 1221 4091 nutu
1244 4025 1354 4092 divino
1378 4047 1449 4092 cum
1472 4026 1559 4091 omni
1574 4025 1768 4092 contumelia
1784 4033 1834 4091 est
1849 4026 1998 4110 repulsa:
2025 4053 2059 4094 aa

367 4129 461 4212 quasi
490 4130 603 4194 nolens
632 4133 762 4195 sanctus
791 4128 964 4210 invadere,
999 4128 1085 4210 quod
1113 4129 1196 4194 alter
1218 4129 1267 4194 illi
1291 4131 1426 4196 devotus
1448 4151 1512 4196 non
1534 4130 1665 4209 obtulit,
1701 4129 1851 4212 quoniam
1875 4146 2007 4213 semper

366 4232 530 4298 abhorruit
560 4230 648 4313 quod
677 4251 717 4296 ex
738 4230 803 4297 fide
826 4252 889 4297 non
911 4231 1013 4312 venit,
1049 4238 1114 4298 tam
1138 4239 1243 4298 certus
1265 4233 1298 4299 in
1321 4233 1443 4299 iudicio
1465 4253 1562 4317 quam
1584 4232 1764 4298 misericors
1787 4238 1837 4298 est
1859 4232 1893 4297 in
1915 4239 2001 4298 voto.

370 4337 432 4420 (32)
461 4334 488 4400 Ο
511 4355 607 4418 quam
629 4335 881 4418 incorruptibilis
904 4335 1024 4400 arbiter
1046 4336 1161 4402 claretl
1197 4335 1323 4401 Castior
1338 4342 1388 4402 est
1404 4337 1464 4401 iste
1479 4336 1513 4401 in
1529 4335 1765 4402 examinatione
1780 4335 1892 4400 iudicii
1906 4355 2006 4419 quam

365 4439 401 4504 in
415 4438 571 4505 electione
586 4437 699 4503 florum
714 4437 771 4504 illa
785 4458 870 4522 quae
885 4459 991 4504 ceram
1008 4445 1097 4506 casta
1112 4438 1272 4530 producit.
1317 4443 1377 4522 (33)
1399 4441 1489 4506 Tunc
1503 4439 1612 4522 itaque
1628 4439 1684 4505 ille
1700 4439 1756 4521 qui
1771 4440 1886 4505 offerre
1900 4440 2008 4506 noluit

366 4543 502 4608 admissi
532 4542 672 4608 criminis
702 4560 737 4608 se
766 4549 848 4608 teste
879 4542 1029 4608 confusus
1058 4548 1091 4608 et
1111 4543 1249 4610 inmensi
1271 4543 1402 4628 pudoris
1425 4549 1515 4610 reatu
1539 4543 1727 4627 perculsus,
1760 4541 1873 4608 videns
1897 4543 1960 4608 sibi
1983 4563 2006 4608 a
2027 4571 2059 4611 ro

365 4646 475 4712 radice
503 4664 581 4712 suae
611 4645 825 4711 eonscientiae
854 4652 964 4712 tantae
993 4647 1200 4731 turpitudinis
1231 4647 1401 4733 opprobria
1428 4648 1626 4733 pullulasse,
1660 4652 1692 4712 et
1713 4647 1748 4711 in
1771 4646 1887 4712 faciem
1910 4665 2006 4712 suam

453 4942 564 4993 thul
677 4939 807 5008 tractauit]
827 4944 917 4992 strauit
934 4944 957 4991 A
1070 4942 1232 4994 Atonatlsso
1253 4943 1294 5004 (ll,
1315 4945 1437 4994 tonstlaco
1460 4941 1501 5004 0²,
1524 4945 1698 5003 tomaciagorl
1815 4943 1970 4993 bmannG

367 5027 490 5096 adtracta]
508 5045 629 5080 uenarum
647 5029 706 5080 add.
723 5031 747 5076 A
851 5032 958 5080 arefacto
975 5026 1104 5096 discursu]
1122 5046 1150 5080 ac
1167 5032 1274 5082 uetrcto
1291 5032 1412 5080 discussio
1430 5033 1454 5078 A
1567 5030 1665 5092 lquod
1688 5031 1721 5078 0¹
1834 5027 2008 5096 Sparcurrit]

368 5118 530 5181 processitA
643 5130 691 5179 quo
709 5113 890 5182 praecesserat]
908 5119 935 5168 in
953 5131 1003 5179 quo
1020 5123 1174 5180 processerat
1192 5119 1214 5164 A
1329 5117 1468 5180 9poenam
1486 5119 1509 5166 A
1628 5117 1659 5168 lo
1678 5113 1717 5184 et]
1735 5132 1783 5166 om.
1799 5119 1823 5166 A
1936 5119 2009 5166 beati

366 5205 438 5254 lrllari
461 5203 503 5264 6¹,
523 5206 625 5254 beatum
642 5205 759 5253 hilarium
781 5200 814 5252 0²
921 5203 950 5254 11
971 5217 1031 5254 uoce
1049 5217 1090 5253 ore
1109 5206 1131 5251 A
1236 5206 1389 5254 mutandum
1409 5205 1453 5268 (G)
1560 5204 1737 5254 abscondetA
1844 5202 1875 5253 l'l
1895 5217 2005 5266 mmera,

368 5294 395 5340 ia
413 5293 491 5340 litura
508 5291 619 5341 armet}
723 5290 753 5340 21
775 5304 865 5353 pauore
884 5293 906 5338 A
1010 5288 1108 5359 antem]
1125 5293 1212 5343 om.A
1317 5291 1349 5342 23
1368 5287 1476 5357 optauit]
1494 5291 1611 5353 adaptata
1628 5291 1702 5339 estA
1807 5291 1903 5339 debiles
1922 5305 2009 5352 quon-

368 5377 424 5427 dam
441 5378 537 5441 palmas
555 5373 673 5443 armauit]
690 5377 782 5426 debilis
800 5379 925 5439 quondam
943 5383 1038 5426 armata
1056 5385 1094 5427 est
1113 5393 1202 5427 manns
1220 5379 1243 5426 A
1381 5378 1413 5428 21
1431 5380 1542 5426 animata
1561 5384 1623 5432 sunt
1640 5378 1663 5426 A
1785 5379 1813 5426 in
1831 5373 1920 5442 uerba]
1938 5379 2009 5426 inter

368 5469 481 5514 cateruas
498 5464 522 5512 A
636 5463 669 5513 26
688 5465 795 5513 credidit
813 5465 836 5510 A
925 5463 984 5518 ,28
1005 5479 1037 5513 ne
1055 5465 1079 5513 A
1192 5464 1221 5514 31
1243 5470 1317 5514 tantu
1340 5464 1382 5525 0¹,
1404 5472 1502 5514 tuntum
1520 5466 1544 5511 A
1658 5463 1691 5512 32
1710 5460 1802 5530 ceram]
1819 5463 1887 5511 illam
1907 5463 1966 5512 udd.
1984 5466 2010 5513 A

368 5549 401 5599 33
419 5552 573 5614 exposuitA
679 5550 711 5602 36
730 5551 809 5599 nollet
824 5550 865 5614 (A)
972 5550 1003 5600 31
1023 5553 1049 5599 in
1063 5556 1120 5600 noto
1133 5553 1281 5614 misericors,
1302 5566 1350 5600 om.
1366 5552 1440 5600 estA
1545 5549 1578 5599 39
1597 5547 1735 5616 in]om.G
1840 5555 2010 5614 castampro·

369 5638 479 5685 duxitA
567 5634 722 5704 ille]om.A
827 5638 860 5688 40
879 5651 905 5686 se
919 5635 995 5704 teste]
1011 5635 1053 5701 0²,
1068 5639 1111 5686 sed
1125 5640 1172 5686 iste
1189 5639 1229 5700 0¹,
1246 5639 1281 5686 sic
1294 5638 1396 5687 testeA
1487 5640 1657 5700 percussusA
1761 5636 1792 5686 41
1815 5639 2056 5698 pullulassetA'
