4290 6194
809 345 902 402 VITA
922 345 1060 402 SANCTI
1077 345 1245 400 REbiEDll.
1801 349 1841 410 65

213 539 247 603 in
276 555 423 604 sermone
455 543 603 622 paratus,
637 537 670 601 in
694 536 937 602 conversatione
961 536 1195 602 sanctissimus.
1243 537 1426 620 Numquam
1449 536 1481 602 iu
1505 557 1543 602 eo
1566 536 1688 602 invenit
1710 535 1843 601 humani

213 642 342 726 generis
365 641 572 707 adversarius
593 659 653 706 nec
675 640 760 723 quod
783 638 898 705 fraude
921 639 1086 725 deciperet
1108 660 1168 706 nec
1190 641 1276 725 quod
1299 640 1501 706 simulatione
1524 640 1676 706 fuscaret.

291 759 346 847 li)
372 761 596 828 Sinceritatem
619 760 736 826 mentis
759 761 866 826 vultus
889 761 939 825 sui
962 760 1135 826 serenitate
1157 762 1358 828 munstrabat
1379 767 1412 827 et
1434 762 1585 846 pietatem
1604 757 1846 840 clementissimi
1868 757 1916 824 ΙΙΙ

216 865 322 931 cordis
351 864 544 932 ostendebat
570 863 604 929 in
634 862 766 929 lenitate
797 863 963 928 sermonis.
1011 863 1171 947 Quicquid
1200 864 1243 930 ad
1273 865 1411 931 salutem
1433 863 1593 950 pertinere
1616 861 1717 947 possit
1738 868 1845 926 aeter-

181 989 194 1029 ι
214 988 292 1034 nam
313 989 377 1035 non
399 969 505 1033 minus
527 966 684 1050 implebat
705 966 886 1032 beatissimi
908 966 1014 1050 operis
1034 967 1139 1033 studio
1155 987 1251 1050 quam
1267 968 1422 1034 sermonis
1438 965 1679 1052 praedicatione
1695 965 1842 1031 docebat.

221 1075 259 1156 181
288 1073 434 1155 Longum
465 1077 515 1136 est
545 1070 654 1154 itaque
683 1069 791 1136 verbis
821 1069 927 1152 exeri,
960 1090 1001 1136 ne
1030 1070 1215 1153 inrogemus
1244 1071 1450 1137 audientibus
1477 1070 1518 1136 de
1540 1069 1640 1134 nimia
1662 1067 1847 1154 prolixitate

192 1174 396 1256 -fastidium,
431 1179 586 1257 quantum
614 1174 649 1238 in
679 1194 753 1240 enm
775 1174 931 1238 bonorum
953 1173 1095 1239 omnium
1117 1181 1305 1240 ornamenta
1327 1194 1410 1256 quae
1434 1181 1508 1239 sunt
1529 1173 1582 1239 vel
1604 1171 1773 1257 praeciosa
1794 1172 1847 1236 vel

216 1278 357 1342 maxima
385 1296 544 1361 eupemae
574 1275 842 1342 remunerationis
870 1275 1097 1360 praerogativa
1126 1276 1305 1342 contulerit.
1358 1278 1397 1361 (9)
1425 1276 1613 1342 Studiamus
1640 1295 1717 1359 ergo
1744 1294 1848 1360 pauca

216 1383 382 1463 deserere,
419 1380 559 1465 plurima
595 1379 787 1463 praeterire,
824 1399 899 1443 nam
933 1380 961 1444 si
994 1386 1085 1446 muta
1113 1379 1267 1445 virtutum
1297 1396 1427 1445 suarum
1455 1379 1597 1462 insignia
1626 1386 1683 1444 aut
1713 1377 1848 1443 ariditas

166 1503 195 1544 ro
215 1483 317 1550 nostri
345 1483 501 1550 sermonis
532 1489 642 1568 posset
664 1482 810 1548 emolere
833 1489 891 1547 aut
912 1483 1068 1548 memoria
1090 1483 1245 1566 retinere,
1279 1482 1368 1568 prius
1391 1483 1510 1548 habere
1532 1488 1657 1565 poterat
1678 1481 1848 1548 terminum

215 1587 272 1652 lux
302 1586 458 1652 hodierna
482 1606 583 1670 quam
614 1585 745 1671 pagina.
798 1585 860 1670 (10)
886 1586 1080 1652 Intendebat
1108 1586 1157 1652 vir
1179 1587 1293 1652 beatus
1317 1585 1490 1652 Remedius
1513 1585 1700 1651 iactantiam
1723 1584 1849 1650 virtutis

215 1691 330 1774 fugire,
358 1689 392 1755 in
414 1710 477 1773 quo
500 1709 563 1755 non
585 1696 710 1775 poterat
731 1689 836 1773 gratia
858 1690 947 1755 celsa
969 1691 1082 1756 latere.
1125 1691 1205 1756 (lum
1229 1709 1303 1755 eum
1326 1710 1401 1756 vero
1425 1689 1614 1773 contigisset
1624 1677 1752 1755 'babere
1767 1688 1850 1754 inter

215 1793 411 1860 domesticos
433 1811 510 1858 suos
534 1792 704 1859 secretiore
727 1783 909 1858 convivium
933 1801 966 1860 et
987 1793 1201 1859 delectaretur
1222 1794 1256 1859 in
1271 1793 1419 1859 libertate
1435 1812 1590 1874 carorum,
1617 1791 1851 1858 discendebant

215 1897 259 1962 ad
282 1917 355 1962 eum
377 1895 530 1980 intrepidi
553 1915 702 1981 passeres
725 1903 758 1961 et
778 1896 811 1960 in
835 1909 932 1961 manu
956 1897 1026 1962 eius
1048 1909 1181 1963 mensae
1203 1897 1358 1980 reliquias
1378 1897 1591 1980 eollegebant.
1632 1894 1853 1960 Discedebant

167 2018 196 2058 ra
216 1999 274 2065 alii
304 1999 421 2080 saturi,
456 2000 655 2066 accedebant
684 1999 741 2064 alii
765 1998 943 2064 saturandi.
991 1999 1045 2064 Sic
1068 2000 1315 2066 mansuescebat
1337 1998 1458 2066 feretas
1480 1999 1588 2064 avium
1611 1998 1644 2062 in
1666 1996 1848 2081 operatione

216 2103 380 2168 virtutum.

307 2225 370 2309 (11)
396 2223 533 2290 Accedit
554 2243 630 2306 ergo
653 2221 793 2305 quodam
816 2230 969 2308 tempore,
998 2244 1069 2289 cum
1093 2244 1134 2289 ex
1157 2244 1246 2289 more
1268 2225 1431 2308 pastorale
1455 2223 1604 2288 sollercia
1625 2220 1773 2305 parocias
1789 2220 1851 2285 cir·
1875 2218 1919 2282 IV

217 2327 334 2409 cuiret,
367 2335 403 2394 ut
431 2328 460 2393 si
490 2328 696 2411 neclegenter
725 2324 850 2408 aliquid
878 2326 912 2391 in
942 2326 1061 2392 divinis
1090 2327 1230 2393 cultibus
1259 2332 1427 2410 ageretur,
1458 2325 1565 2391 fidelis
1591 2323 1709 2390 Christi
1739 2343 1852 2389 servus

215 2436 421 2514 agnosceret:
457 2431 491 2496 in
519 2430 592 2497 vico
622 2429 770 2496 similiter
800 2430 852 2495 coi
882 2431 1072 2496 vocabulum
1104 2436 1154 2496 est
1176 2430 1379 2496 dalmaciaco
1407 2429 1510 2515 ipsius
1540 2427 1718 2494 devotionis
1746 2427 1852 2492 studio

163 2548 194 2590 ‘20
218 2534 422 2618 peraccessit.
477 2535 540 2618 (12)
567 2534 629 2600 Vbi
654 2533 730 2598 dum
752 2531 884 2617 quidam
907 2553 1021 2600 caecus
1043 2534 1086 2599 ab
1110 2554 1148 2599 eo
1171 2555 1265 2619 opem
1288 2531 1530 2599 misericordiae
1552 2531 1744 2615 postularet,
1779 2551 1853 2596 coc-

218 2636 266 2720 pit
287 2656 351 2718 qua
373 2636 496 2703 dudum
519 2643 632 2721 captus
655 2636 763 2701 fuerat
783 2635 992 2703 infestatione
1015 2635 1177 2702 daemonii
1200 2655 1347 2720 corpores
1370 2636 1541 2701 vexatione
1563 2641 1723 2718 torquere.
1762 2635 1854 2698 Tunc

218 2745 348 2803 sanctus
370 2739 545 2805 Remedius
574 2740 609 2804 in
637 2738 782 2803 oratione
812 2758 877 2820 qua
907 2757 1035 2824 semper
1064 2739 1163 2804 animi
1194 2746 1306 2806 sancta
1335 2738 1511 2804 intentione
1541 2737 1680 2802 vacabat
1701 2755 1853 2821 corporea

217 2857 253 2904 se
284 2840 381 2904 etiam
414 2839 587 2907 sedulitate
617 2842 790 2925 prostravit
817 2841 997 2925 raptimque
1027 2843 1137 2906 lumen
1166 2837 1335 2927 pristinum
1366 2840 1515 2907 reddedit
1542 2840 1645 2906 oculis
1674 2847 1707 2905 et
1727 2847 1851 2925 pestem

218 2941 364 3007 inmundi
396 2943 527 3027 spiritus
558 2943 725 3028 effugavit.
778 2945 840 3028 (13)
868 2943 894 3008 Ο
924 2944 1108 3010 ineffabiles
1136 2944 1242 3028 gratia
1268 2944 1415 3029 pietatis,
1448 2962 1552 3024 aquo
1575 2942 1651 3008 dnm
1674 2941 1853 3007 substantia

165 3059 198 3100 2⁵
218 3045 288 3110 sola
309 3045 428 3130 petitur
448 3044 567 3129 triplex
590 3045 766 3110 remedium
790 3047 972 3113 obtencturl
1023 3047 1116 3114 Victu
1139 3047 1229 3132 pavit
1250 3067 1408 3131 egenum,
1439 3046 1620 3111 muneravit
1642 3045 1715 3111 visu
1738 3065 1853 3111 caeca-

217 3155 301 3229 tum,
334 3147 482 3213 reddedit
509 3148 659 3215 libertate
688 3149 849 3235 captivum
879 3150 985 3234 adque
1014 3151 1061 3215 ita
1089 3150 1223 3234 contigit
1244 3169 1302 3234 per
1324 3151 1385 3216 hoc
1406 3149 1567 3233 insignem
1590 3148 1784 3230 misterium,
1819 3155 1854 3213 ut

218 3250 294 3315 dum
318 3251 468 3336 apparuit
491 3271 573 3317 unus
595 3251 638 3326 in¹
652 3273 795 3337 paupere
818 3253 945 3319 trinitas
968 3272 1004 3318 se
1026 3253 1168 3319 ostendit
1189 3253 1223 3318 in
1245 3254 1361 3320 salute.

309 3374 373 3455 (14)
402 3371 456 3437 Sic
486 3379 522 3437 nt
547 3392 675 3458 semper
697 3393 774 3457 ergo
797 3374 930 3440 humani
953 3374 1082 3458 generis
1104 3373 1311 3440 adversarius
1334 3393 1426 3440 suam
1448 3394 1512 3439 non
1535 3372 1663 3439 desistit
1684 3372 1853 3438 ostendere
1876 3370 1904 3434 V

217 3473 355 3540 nocendi
387 3475 504 3541 virtute
537 3475 729 3560 potentiam,
768 3477 929 3543 civitatem
958 3477 1165 3543 Remensium
1196 3478 1309 3544 eodem
1339 3485 1482 3562 tempore
1512 3476 1718 3561 surgentibus
1748 3475 1852 3541 subito

164 3597 197 3638 ao
219 3574 419 3642 flammamm
449 3578 570 3662 globis,
605 3579 716 3644 oborta
744 3579 878 3646 nimium
908 3580 1088 3647 vastatione
1112 3579 1323 3646 succenderat
1345 3587 1377 3647 et
1398 3580 1464 3646 iam
1487 3579 1555 3645 iere
1578 3586 1702 3664 partem
1724 3577 1851 3644 tertiam

217 3681 340 3746 favillis
374 3681 561 3747 extantibus
595 3683 809 3749 concrematio
842 3691 972 3768 peracta
999 3690 1242 3768 consumpserat
1271 3691 1304 3750 et
1333 3683 1418 3768 quod
1447 3683 1610 3750 residuum
1641 3691 1709 3748 erat
1737 3682 1852 3766 victrix

216 3783 348 3850 flamma
374 3784 549 3850 lambebat.
601 3785 662 3868 (15)
690 3787 782 3852 Tunc
811 3806 882 3852 cum
912 3788 983 3854 eius
1013 3787 1060 3853 rei
1083 3787 1215 3854 nuntius
1237 3787 1280 3854 ad
1303 3787 1482 3854 beatissimi
1504 3785 1652 3852 Remedii
1674 3791 1851 3852 antestetes

304 4097 452 4147 learned
557 4100 659 4148 inuenit
677 4101 705 4146 in
723 4112 752 4148 eo
777 4097 806 4145 W
908 4098 1060 4148 humaneD
1163 4097 1245 4148 inec
1263 4075 1297 4136 ζ-
1315 4096 1373 4167 uec]
1392 4112 1477 4147 ne-
1494 4111 1526 4146 ue
1547 4097 1609 4145 01Β
1714 4097 1854 4168 bein-ceri·

216 4185 310 4232 toleti
416 4185 621 4234 serenitatemdl
726 4185 864 4247 plectae
968 4180 1095 4252 dpossit]
1115 4185 1154 4248 111
1264 4185 1436 4235 bbeattmimr
1454 4185 1535 4246 operis
1553 4183 1637 4233 studio
1659 4183 1779 4246 (studium
1800 4179 1853 4248 C¹)]

215 4269 377 4317 beatissimus
395 4283 469 4334 opere
490 4267 527 4318 01
642 4271 842 4333 predicacionem
862 4271 897 4319 01
1019 4271 1034 4321 6
1054 4269 1138 4340 exeri]
1157 4272 1187 4333 0,
1207 4273 1307 4333 exigere
1328 4271 1378 4335 (0),
1399 4271 1505 4333 exsequi
1528 4269 1566 4334 W,
1588 4268 1797 4333 comprehendere
1816 4269 1850 4330 D,

216 4355 383 4404 texereE'
469 4353 558 4423 nimis]
577 4356 616 4406 bis
635 4357 695 4406 odd.
710 4357 760 4406 DE
882 4357 1072 4423 1000010(οι
1197 4364 1342 4408 ornaments
1360 4360 1481 4406 bonorum
1499 4358 1612 4406 omnium
1635 4355 1689 4403 010
1793 4363 1853 4404 sunt

215 4437 271 4508 nel]
290 4445 351 4490 sunt
368 4441 418 4488 DE
537 4441 710 4492 deontuleret
731 4443 761 4503 0,
783 4444 892 4493 contulit
910 4443 960 4492 DE
1063 4440 1216 4511 stndismne]
1236 4443 1278 4506 01,
1300 4443 1486 4492 studuimusd
1590 4441 1760 4507 ilplurimam
1781 4438 1819 4489 01

216 4531 345 4576 nnumin
363 4527 414 4574 DE
517 4529 590 4589 signs
606 4529 663 4592 DE,
684 4530 767 4577 dicere
786 4531 940 4592 coeperimus
958 4529 1017 4579 add.
1038 4526 1073 4576 01
1179 4529 1210 4580 10
1229 4527 1362 4597 sermonis]
1381 4544 1430 4579 uon
1449 4529 1509 4580 odd.
1526 4526 1561 4577 01
1664 4531 1745 4595 possit
1764 4527 1819 4577 010

214 4613 313 4674 piusG
423 4615 517 4676 poterit
536 4614 585 4662 DE
706 4615 735 4664 11
756 4611 859 4682 pagina]
877 4618 959 4678 capiet
976 4615 1035 4666 odd.
1054 4613 1089 4664 01
1193 4618 1283 4666 beatus
1301 4613 1441 4684 remedius]
1460 4616 1601 4665 sanctnsG
1705 4617 1800 4664 minute
1818 4613 1848 4675 0,

213 4701 339 4748 uirtutum
355 4695 427 4746 C²W
532 4698 562 4748 12
580 4702 679 4761 fulgere
694 4700 728 4749 01
834 4698 913 4768 celsa]
931 4702 1080 4752 concesseG
1185 4717 1215 4751 ea
1234 4703 1278 4764 01,
1301 4704 1326 4753 ei
1346 4700 1383 4751 01
1489 4701 1519 4751 13
1538 4704 1699 4752 secretlorem
1717 4700 1748 4760 B,
1769 4713 1851 4748 secre-

213 4786 265 4834 tius
286 4784 319 4830 W
441 4784 472 4834 11
491 4787 584 4850 trepidi
603 4787 652 4835 DE
773 4788 882 4849 passeris
902 4787 938 4835 01
1063 4789 1094 4839 15
1113 4791 1218 4838 saturati
1238 4789 1261 4836 E
1381 4790 1550 4852 operacictoue
1573 4788 1608 4836 01
1711 4787 1763 4836 Ἰ17
1782 4782 1850 4851 ergo]

212 4877 298 4921 entem
320 4870 361 4935 (0)
468 4886 525 4920 cum
546 4873 613 4936 (eum
633 4873 661 4935 E]
684 4886 716 4921 ex
735 4869 815 4940 more]
834 4874 922 4924 em.0
1026 4877 1158 4937 pastoralis
1177 4877 1279 4940 solertiq
1304 4875 1334 4922 W
1437 4875 1568 4924 circumire
1587 4874 1610 4921 E
1748 4872 1779 4922 te
1798 4873 1849 4920 col·

212 4959 252 5019 pie
275 4956 308 5005 01
452 4956 483 5006 19
503 4959 639 5008 culmscaco
659 4959 700 5021 01,
722 4959 884 5009 odnetiaem
901 4962 934 5025 D,
956 4962 1096 5011 calmiciaco
1117 4959 1154 5010 01
1258 4963 1391 5011 deuotione
1410 4963 1525 5010 studium
1542 4962 1648 5008 accessit
1669 4958 1695 5018 0,
1716 4961 1849 5008 deuotione

212 5059 258 5110 per
276 5042 391 5092 studium
409 5043 514 5091 accessit
537 5043 568 5090 W
686 5044 717 5095 21
739 5047 783 5108 qni
802 5045 825 5094 E
944 5048 1072 5097 daemonis
1096 5047 1126 5095 W
1246 5044 1372 5115 torquere]
1394 5048 1415 5096 0
1542 5045 1574 5095 22
1594 5049 1695 5094 sauctus
1713 5042 1850 5112 remedius]

211 5129 300 5178 om.0
418 5127 557 5180 00101001
672 5127 770 5198 sancta]
788 5133 876 5182 orraG
991 5136 1215 5197 corporensetism
1237 5134 1267 5195 0,
1288 5133 1522 5194 necimmerito,
1544 5132 1797 5194 sestiamcorpores
1821 5131 1852 5178 W

211 5213 244 5264 23
264 5213 428 5262 sedulitatem
450 5215 480 5278 0,
502 5217 649 5267 aedilitate
669 5214 706 5264 01
811 5220 993 5281 prostrabatti
1115 5220 1280 5271 2110100010
1301 5220 1338 5268 01
1460 5219 1493 5268 25
1511 5216 1654 5280 petatnrtl
1759 5231 1849 5267 uome-

211 5302 278 5348 rsutt
300 5299 343 5362 01,
364 5303 539 5350 remuneranti
557 5305 642 5353 uisum
665 5303 699 5352 01
821 5303 855 5354 te
873 5302 999 5374 libertate]
1020 5308 1049 5370 0,
1070 5309 1215 5358 libertatem
1236 5307 1271 5355 01
1393 5307 1524 5367 insignum
1544 5301 1580 5351 01
1693 5305 1849 5354 misterioG

211 5383 242 5434 17
261 5398 329 5434 unus
347 5389 465 5448 apperuit
487 5387 520 5433 W
621 5390 798 5453 pauperem&
900 5392 1007 5442 saluum
1029 5394 1066 5458 (0)
1186 5394 1219 5444 28
1238 5395 1276 5443 sic
1293 5387 1335 5459 ut]
1354 5390 1397 5439 sed
1416 5393 1484 5440 sicut
1501 5391 1524 5438 E
1639 5385 1708 5456 crgo]
1727 5389 1785 5438 odd.
1803 5386 1844 5449 01,

208 5484 267 5531 erga
286 5468 346 5516 ΕΝ
492 5471 607 5541 generis]
624 5475 777 5525 detrimenta
794 5476 852 5527 odd.
870 5476 892 5524 E
1029 5481 1184 5530 eduemrios
1206 5479 1227 5528 0
1368 5490 1471 5526 suerum
1492 5473 1563 5524 0110
1701 5473 1807 5522 desistet
1827 5475 1848 5522 0

209 5555 242 5604 ²9
260 5555 355 5604 uirium
367 5557 401 5620 D,
423 5563 552 5612 uirtutum
567 5557 668 5623 EC²W,
690 5564 812 5610 uirtutem
826 5561 861 5610 01
965 5579 1092 5616 remorum
1114 5566 1149 5628 (0)
1259 5564 1292 5614 30
1311 5561 1473 5611 succenderet
1496 5562 1530 5610 01
1635 5555 1666 5607 31
1688 5560 1812 5609 euntibus
1827 5560 1848 5608 0

208 5641 380 5690 3210110013
483 5649 600 5698 nuncius
619 5647 678 5697 add.
695 5645 737 5709 01,
758 5662 807 5697 om.
827 5647 857 5694 W
959 5649 1077 5721 remedii]
1095 5653 1182 5701 emti

285 5739 409 5790 seersum
423 5755 590 5797 reuersurus.
1626 5746 1642 5794 9
