4456 6202
367 279 388 362 a
976 295 1388 354 vuusunrnonuvusur

365 485 469 552 filium
490 506 555 552 uon
577 487 728 569 babebat,
754 487 924 572 provoluta
946 487 989 553 ad
1010 487 1111 573 pedes
1134 487 1238 555 sancti
1261 488 1381 555 Hilarii
1402 489 1672 574 praecedentibus
1694 489 1837 557 lacrimis
1860 483 1929 556 uati
1952 489 2003 555 sui

366 608 482 673 eorpus
505 589 620 656 effudit
641 591 845 656 exclamans:
871 590 1027 657 Martinus
1051 591 1158 658 adhuc
1179 591 1340 677 incipiens
1362 592 1620 659 cathecuminum
1643 600 1801 660 mortuum
1823 593 1999 676 revocavit,

365 697 400 758 tu
429 692 574 778 pontifex
604 694 721 776 redde,
754 714 847 779 rogo,
879 694 981 760 filium
1008 701 1065 761 aut
1086 695 1164 760 mibi
1187 702 1243 762 aut
1264 695 1443 781 baptismo:
1474 697 1530 781 qui
1552 697 1663 784 populi
1685 704 1780 784 pater
1800 698 1998 783 agnosceris,

365 801 401 861 ut
422 803 525 864 mater
547 819 608 882 ego
630 818 726 865 vocer
748 799 904 865 obtineas.
958 799 1018 882 [44)
1046 799 1101 865 Sic
1121 799 1181 865 illa
1197 800 1272 886 plus
1287 801 1575 886 lacrimispetente
1590 822 1686 886 quarn
1702 801 1809 868 verbis
1825 809 2002 868 commotus

364 899 414 964 vir
441 899 495 966 dei
526 907 692 986 spectante
722 903 842 988 populo
870 902 913 968 ad
941 909 1095 969 consueta
1125 924 1216 969 arma
1243 923 1409 970 recurrens
1436 905 1471 970 in
1499 911 1617 971 terram
1647 906 1867 992 prosternitur.
1923 907 2038 972 Mons

364 1004 520 1089 paulatim
543 1003 688 1073 defuncti
709 1008 815 1092 pallor
836 1005 870 1072 in
892 1008 1039 1073 ruborem
1062 1007 1274 1091 convertitur,
1301 1007 1421 1092 frigida
1444 1009 1587 1074 membra
1608 1016 1757 1076 revocato
1780 1009 1893 1096 spiritu
1916 1010 2002 1077 inte-

363 1115 510 1192 pescunt,
536 1109 620 1175 oculi
642 1111 765 1196 apertis
787 1111 964 1197 palpebrae
986 1111 1092 1177 ianuis
1115 1111 1321 1196 peregrinum
1343 1113 1453 1178 lumen
1476 1120 1666 1197 agnoscunt,
1691 1134 1755 1179 vox
1770 1112 1909 1180 adducto
1924 1133 2001 1180 aere

319 1213 322 1226 '
364 1210 405 1277 de
427 1211 566 1296 pectoris
589 1212 751 1279 domicilio
774 1213 912 1281 conflata
934 1214 1108 1299 profertur,
1134 1233 1266 1300 gressus
1289 1214 1357 1282 suis
1379 1215 1527 1300 vestigiis
1551 1216 1715 1283 redivIvus
1738 1217 1938 1300 extenditur,
1966 1217 2001 1283 in

363 1315 521 1382 anteriore
544 1315 753 1384 fundamento
775 1322 844 1384 tota
866 1317 989 1384 fabrica
1004 1325 1187 1385 renovatur.
1240 1321 1300 1404 (45)
1329 1318 1414 1397 Quid
1429 1321 1546 1404 plural
1579 1320 1717 1387 Tamdiu
1731 1320 1834 1387 iacuit
1848 1321 2001 1388 sacerdos

363 1417 396 1483 in
417 1419 562 1504 pulvere,
590 1420 692 1488 donec
713 1422 834 1508 pariter
855 1429 1032 1507 surgerent,
1060 1443 1160 1489 senex
1184 1422 1225 1490 de
1247 1423 1391 1490 oratione
1413 1423 1522 1489 infans
1539 1423 1580 1490 de
1595 1431 1706 1491 morte.
1746 1424 1829 1490 Ecce
1844 1424 1912 1491 vita
1926 1425 2001 1490 lan·
2024 1444 2054 1485 ιο

363 1521 496 1606 dabilis,
531 1545 614 1609 qnae
638 1526 678 1592 de
701 1526 835 1592 alterius
858 1547 989 1614 corpore
1011 1547 1123 1593 necem
1146 1528 1296 1612 precibus
1319 1527 1490 1611 effugavit,
1526 1528 1678 1613 spoliavit
1699 1534 1873 1611 tartarum,
1907 1548 1999 1615 spem

363 1625 487 1693 habens
510 1626 550 1694 de
574 1628 711 1696 Christo.
758 1631 842 1696 Mors
865 1631 911 1698 ibi
933 1632 1005 1697 iura
1027 1652 1090 1697 non
1111 1632 1216 1697 tenuit
1238 1632 1294 1697 ubi
1315 1631 1459 1698 Hilarius
1481 1631 1546 1697 vim
1569 1632 1722 1698 orationis
1745 1638 1795 1698 est
1816 1633 1996 1716 ingressus.

363 1729 429 1796 Sed
458 1735 549 1798 tanta
576 1754 628 1799 res
651 1755 714 1801 non
736 1741 844 1821 potest
864 1735 982 1801 nostris
1004 1735 1112 1802 verbis
1135 1736 1208 1821 plus
1231 1736 1337 1801 ornari
1360 1756 1457 1820 quam
1479 1736 1613 1802 meritis.
1661 1737 1755 1803 Nunc
1776 1755 1853 1802 vero
1876 1757 2000 1802 memo-

362 1833 498 1901 randum
522 1842 572 1904 est
593 1839 680 1922 quod
702 1859 801 1926 supra
822 1841 1038 1926 promisimus,
1064 1839 1205 1924 qualiter
1226 1839 1381 1906 miracula
1403 1840 1529 1922 reliqua
1550 1840 1612 1905 boc
1633 1840 1787 1906 miraculo
1806 1839 1994 1906 cumulavit.

261 1944 341 2010 XIII
456 1941 514 2026 (46)
543 1941 693 2026 Denique
716 1964 787 2009 curu
810 1945 1032 2011 beatissimam
1055 1945 1175 2010 Abram
1197 1943 1298 2010 liliam
1322 1961 1422 2026 suam,
1453 1943 1615 2028 adquam
1639 1943 1680 2010 de
1703 1943 1999 2034 exiliodestiuavit
2021 1963 2052 2004 ιι

363 2041 544 2127 epistolam,
571 2045 761 2113 incolomem
783 2047 970 2134 invenisset,
997 2048 1171 2131 alloquitur
1192 2047 1350 2132 quomodo
1374 2052 1500 2133 poterat
1522 2047 1659 2114 dulcedo
1680 2047 1783 2133 patris
1798 2054 1831 2114 et
1846 2046 1999 2113 facundia

361 2147 506 2213 oratoris.
554 2148 641 2226 Quid
671 2149 800 2216 dicam‘l
831 2151 1005 2236 alloquitur
1027 2151 1185 2234 Hilarius,
1220 2151 1312 2217 cuius
1342 2151 1546 2234 eloquentiae
1574 2158 1648 2238 post
1676 2151 1782 2236 ipsum
1811 2169 1998 2236 comparare

361 2250 501 2336 aliquem
530 2251 587 2318 vix
615 2253 771 2320 audemus
794 2255 856 2320 nisi
879 2254 936 2338 qui
958 2254 1019 2321 fuit
1041 2255 1155 2341 spiritu
1178 2253 1287 2320 divino
1308 2256 1466 2341 repletue3
1498 2260 1660 2341 temptans
1683 2255 1751 2320 eius
1773 2254 1933 2338 animum,
1968 2254 1997 2320 si

361 2354 441 2421 velit
456 2376 607 2441 sponsum
624 2357 796 2443 attingere,
823 2379 918 2444 quem
933 2358 1034 2445 patris
1049 2359 1154 2444 gratia
1168 2358 1361 2445 provideret.
1411 2359 1472 2443 (ll)
1500 2360 1592 2424 Tunc
1606 2358 1743 2426 libenter
1757 2355 1999 2424 desideranter-

360 2479 423 2542 que
446 2465 483 2524 ut
505 2460 652 2527 celeriter
674 2463 704 2528 ci
719 2462 907 2548 iungeretur
921 2462 1064 2550 optabat.
1105 2462 1210 2541 Quam
1225 2464 1423 2529 voluntatem
1439 2468 1531 2548 pater
1545 2462 1619 2549 pius
1636 2480 1826 2546 agnoscens,
1852 2462 1996 2527 intentus
2018 2479 2050 2521 ro

360 2563 557 2630 orationibus
586 2586 649 2631 non
678 2567 835 2652 cessavit,
869 2567 971 2634 donec
1001 2568 1070 2634 siue
1101 2566 1227 2651 dolore,
1261 2566 1331 2634 sine
1362 2567 1510 2650 contagio
1540 2566 1581 2632 de
1608 2565 1772 2652 praesenti
1793 2565 1862 2630 filia
1884 2565 1998 2631 mundi

361 2666 499 2734 ludibrio
521 2667 676 2754 migraret
697 2670 741 2736 ad
763 2671 941 2738 Christum:
970 2692 1067 2755 quam
1088 2671 1226 2756 propriis
1249 2671 1409 2754 manibus,
1435 2677 1471 2736 ut
1492 2669 1611 2754 decuit,
1636 2671 1840 2737 venerandae
1861 2668 1999 2735 tradidit

361 2772 558 2856 sepulturae.
610 2774 672 2859 (48)
700 2773 727 2839 Ο
751 2774 873 2841 funeris
895 2775 1016 2860 gloria,
1046 2796 1131 2859 quae
1153 2775 1268 2841 melior
1289 2775 1426 2841 habetur
1447 2794 1543 2858 quam
1566 2775 1650 2856 vita,
1684 2773 1760 2859 quia
1782 2773 1867 2856 quod
1890 2778 1997 2838 terrae

361 2875 527 2962 subripuit,
555 2876 702 2944 incaelo
725 2879 920 2946 transmisit!
956 2879 1053 2962 Vere,
1079 2885 1114 2944 ut
1136 2899 1197 2964 ego
1221 2879 1400 2960 considero,
1426 2879 1500 2964 plus
1522 2877 1583 2943 fuit
1605 2897 1700 2962 quam
1723 2876 1919 2957 resuscitari,
1948 2875 1997 2941 sic

359 2980 451 3045 mori.
499 2980 595 3048 Certa
623 2982 709 3048 enim
736 2984 826 3050 salue
856 2990 906 3050 est
933 3003 998 3049 non
1021 2983 1230 3050 contaminari
1253 2983 1406 3068 peccatis.
1454 2981 1574 3061 Quanti
1598 2985 1768 3066 cuperent,
1802 2980 1898 3046 rebus
1921 2999 1996 3045 cum
2017 2999 2050 3042 ιι

358 3083 425 3149 vita
445 3083 584 3166 traditis,
611 3087 710 3153 talem
732 3088 902 3154 transitum
925 3107 1120 3174 comparare,
1148 3088 1176 3153 si
1191 3093 1400 3153 mercatorem
1416 3086 1550 3153 forsitan
1565 3084 1766 3152 invenirent?
1795 3081 1880 3160 Quid
1895 3082 1997 3149 distat

357 3185 441 3254 inter
468 3187 621 3256 vivificati
650 3191 784 3258 infantis
814 3199 846 3258 et
868 3191 956 3258 filiae
980 3191 1189 3259 mortificatae
1212 3191 1424 3276 mysterium?
1459 3191 1555 3256 Illum
1579 3187 1782 3255 resuscitavit
1804 3186 1847 3252 ad
1870 3187 1997 3272 baptis-

358 3312 456 3376 mum,
482 3292 565 3359 hanc
587 3295 843 3380 praedestinavit
864 3296 908 3362 ad
930 3317 1075 3380 regnum,
1102 3296 1166 3362 nisi
1188 3295 1274 3380 quod
1296 3295 1329 3360 in
1350 3295 1408 3360 illo
1431 3294 1538 3360 adbuc
1561 3311 1636 3378 spes
1657 3289 1814 3378 peccandi
1835 3290 1992 3372 restabat,

358 3395 439 3462 baec
460 3395 667 3465 immaculata
688 3398 825 3466 finierat.
878 3403 939 3486 (49)
967 3399 1061 3479 Quod
1084 3420 1155 3466 cum
1178 3399 1316 3466 vidisset
1336 3405 1440 3465 mater
1460 3399 1576 3464 beatae
1591 3397 1698 3462 Abrae
1720 3416 1741 3460 a
1762 3393 1911 3480 pontifice
1935 3415 1996 3480 po-

358 3501 465 3582 stulat,
494 3507 529 3566 ut
551 3507 583 3568 et
604 3502 680 3588 ipsa
702 3503 730 3569 si
752 3511 928 3571 mereretur
950 3510 1062 3589 erepta
1084 3502 1125 3570 de
1141 3502 1253 3570 mundi
1268 3502 1401 3569 crimine
1416 3522 1489 3568 cum
1504 3501 1572 3567 filia
1586 3504 1846 3586 praesentaretur
1859 3496 1902 3563 ad
1917 3519 1996 3583 reg·
2016 3519 2048 3560 so

357 3623 445 3668 num.
487 3604 587 3671 Cuius
609 3613 685 3674 vota
707 3608 915 3675 considerans
937 3607 1072 3674 assidua
1094 3607 1238 3673 oratione
1261 3613 1294 3672 et
1314 3606 1420 3691 ipsam
1444 3611 1519 3671 ante
1542 3623 1578 3670 se
1593 3602 1770 3670 transmisit
1783 3600 1992 3688 adgloriam.

363 3709 423 3794 (50)
451 3709 531 3787 Quis
554 3710 780 3779 aestimaturus
802 3718 861 3794 est,
888 3713 987 3778 talem
1007 3711 1111 3778 virum
1129 3711 1176 3777 ita
1191 3710 1347 3777 dilexisse
1363 3709 1537 3793 dominnm,
1564 3708 1709 3792 coniugis
1724 3714 1757 3774 et
1772 3705 1859 3772 filiae
1873 3707 1995 3773 affectu

357 3819 561 3901 contempto?
597 3815 720 3883 Tamen
743 3815 776 3883 in
799 3817 861 3882 boc
883 3816 987 3900 magis
1009 3815 1084 3881 illas
1107 3834 1235 3881 amasse
1258 3812 1470 3898 cognoscitur,
1498 3834 1569 3879 cum
1592 3833 1650 3897 per
1663 3811 1770 3897 ipsum
1786 3809 1900 3877 lumini
1915 3831 1994 3897 per-

258 3920 335 3986 XIV
357 3923 454 4001 petuo
483 3919 729 3986 transferuntur.
777 3921 856 4000 Quis
886 3941 962 3987 vero
988 3919 1220 3986 abundantiam
1243 3918 1379 4003 rigantis
1400 3917 1523 4000 ingenii
1545 3915 1717 3982 contendat
1738 3914 1887 3981 evolvere
1897 3967 1915 3998 ,.
1937 3923 1996 3982 aut

358 4020 428 4087 eius
457 4023 557 4088 verba
585 4024 692 4090 verbis
720 4025 829 4091 valeat
858 4029 1061 4109 exaequaret
1104 4021 1251 4101 Qualiter
1277 4023 1335 4089 ille
1365 4021 1523 4088 indivisae
1548 4018 1699 4086 trinitatis
1722 4019 1821 4084 libros
1843 4018 1917 4084 stilo
1940 4024 1995 4084 tu·
2016 4040 2047 4082 aa

357 4131 464 4192 mento
493 4128 670 4209 contexuit,
703 4134 760 4194 aut
788 4128 979 4214 scripturam
1001 4127 1143 4194 Davitici
1171 4126 1322 4193 carminis
1353 4145 1499 4192 sermone
1522 4130 1686 4191 coturnato
1708 4142 1767 4208 per
1789 4121 1918 4206 singula
1940 4143 1996 4189 re·
2021 4127 2025 4140 '

358 4227 499 4295 seravit?
547 4232 608 4315 (51)
635 4232 739 4310 Quam
762 4232 823 4298 fuit
840 4231 874 4296 in
890 4231 1081 4298 dissertione
1096 4229 1259 4316 providus,
1286 4230 1322 4295 in
1337 4235 1473 4296 tractatu
1489 4227 1679 4314 profundus,
1706 4247 1763 4312 per
1777 4225 1994 4293 litteraturam

358 4332 529 4417 eloquens,
555 4355 614 4420 per
635 4337 785 4402 virtutem
807 4335 983 4419 mirabilis,
1008 4335 1042 4401 in
1065 4334 1340 4421 complexionibus
1363 4333 1551 4418 multiplex,
1577 4333 1610 4397 in
1632 4329 1825 4398 resolutione
1848 4329 1989 4414 subtilis,

357 4441 482 4502 astutus
504 4437 596 4504 iuxta
618 4439 807 4525 prophetam
830 4445 866 4505 ut
888 4459 1038 4525 serpens,
1065 4439 1231 4506 columbae
1255 4436 1411 4524 simplicis
1434 4436 1572 4521 gratiam
1594 4455 1658 4500 uon
1680 4434 1843 4516 amittens,
1870 4433 1993 4499 conditi

357 4540 408 4606 sal
440 4541 578 4626 ingenii,
617 4542 688 4609 fons
718 4543 887 4629 loquendi,
924 4543 1095 4610 thesaurus
1125 4542 1296 4626 scientiae,
1334 4542 1389 4606 lux
1420 4539 1600 4622 doctrinae,
1638 4537 1789 4605 defensor
1816 4536 2044 4620 ecclesiaque

445 4855 715 4906 sarnacuminuev
829 4856 956 4926 3flllum]
974 4873 1059 4907 meum
1078 4857 1178 4906 add.V
1280 4854 1516 4918 bexpsntrutel'
1616 4852 1726 4902 terrsV
1827 4849 1996 4900 brnboreV

351 4942 372 4993 ’8
391 4940 455 5012 suls]
475 4944 564 4994 om.V
666 4946 846 4995 osterrdlturV
951 4945 983 4996 12
1000 4942 1043 5012 ds]
1063 4947 1128 4994 inV
1231 4948 1270 4992 est
1281 4938 1424 5008 Ingressus]
1442 4939 1607 5003 ingessith)
1717 4935 1747 4987 13
1766 4937 1850 4986 uerbis
1862 4937 1994 4986 nostrisV

361 5030 392 5080 11
412 5031 599 5080 miraculumV
704 5031 734 5080 15
753 5047 840 5095 aprum
849 5033 1033 5096 plemmqucV
1136 5029 1167 5081 18
1188 5029 1323 5092 luerith)
1425 5022 1524 5094 dinino]
1542 5026 1666 5075 senctoV
1769 5023 1800 5074 19
1818 5024 1952 5086 uelleth)

357 5120 542 5182 prouidebstV
644 5119 674 5169 21
697 5122 728 5170 de
740 5119 868 5184 praesenti
881 5117 944 5186 tilla]
957 5135 984 5168 se
997 5124 1129 5181 praesente
1143 5118 1196 5165 lilla
1208 5117 1238 5166 de
1252 5116 1342 5166 muudi
1357 5116 1401 5179 (V)
1499 5109 1638 5180 praesenti]
1653 5111 1685 5161 G¹
1789 5109 1822 5160 22
1840 5109 1994 5160 ludibrltsV

357 5203 390 5255 24
408 5203 486 5274 caelo]
507 5208 529 5256 G
650 5209 688 5257 sic
706 5209 768 5257 mori
787 5221 862 5270 quem
880 5207 1029 5256 resuscitare
1051 5205 1072 5253 V
1197 5201 1230 5253 26
1249 5204 1411 5252 lunsulsssnt
1432 5201 1452 5249 V
1571 5198 1604 5249 29
1623 5215 1636 5248 ι
1654 5193 1784 5264 pontibce]
1802 5199 1947 5261 pontificem
1971 5198 1993 5247 V

357 5291 390 5342 30
408 5295 430 5343 si
449 5289 596 5362 mereretur]
614 5294 687 5343 stcV
789 5293 820 5342 33
839 5293 931 5341 lnnrtui
949 5286 1085 5356 perpetuo]
1102 5290 1135 5339 ud
1152 5290 1240 5338 lumen
1262 5287 1451 5352 perpetuumV
1553 5285 1586 5334 31
1603 5285 1771 5346 irrIgantlsV
1872 5283 1905 5332 35
1924 5298 1990 5346 qus-

356 5379 466 5427 liter-
485 5380 518 5430 37
536 5377 669 5448 prouidus]
693 5382 803 5444 qualiter
826 5380 870 5428 llla
893 5379 969 5428 libros
994 5385 1077 5427 contra
1099 5378 1147 5425 arii
1166 5377 1294 5439 perhdlsm
1313 5375 1498 5439 promulgsult,
1525 5374 1646 5436 quomodo
1664 5374 1757 5422 librum
1774 5372 1926 5434 psalmorum
1944 5385 1991 5434 per

355 5468 454 5528 singula
473 5469 618 5517 cothurnato
636 5481 750 5518 sermone
767 5467 917 5528 ressursuit,
938 5467 966 5514 ln
984 5465 1131 5525 hymnorum
1151 5466 1228 5512 etism
1247 5464 1325 5513 luerit
1342 5463 1496 5510 dissertione
1514 5464 1616 5522 paratus
1638 5458 1660 5506 Y
1777 5457 1809 5506 35
1827 5454 1882 5524 llle]
1900 5471 1948 5508 om.
1971 5459 1992 5504 V

356 5553 389 5603 36
407 5557 500 5618 scripta
518 5552 562 5616 (V)
689 5561 824 5604 coturnuno
846 5553 867 5600 V
1004 5550 1037 5600 39
1055 5546 1213 5617 prophetans]
1232 5552 1307 5599 immo
1325 5549 1437 5612 prudeus
1455 5549 1528 5596 iuxta
1546 5547 1641 5596 domini
1660 5559 1746 5594 nocem
1764 5543 1821 5592 add.
1842 5545 1930 5607 vulp,
1949 5545 1985 5606 cf.

356 5639 445 5690 liunt.
467 5642 508 5703 10,
531 5643 579 5688 16:
598 5642 737 5705 prudentes
755 5644 823 5690 slent
840 5649 970 5702 serpentes
