4456 6202
765 356 1051 417 vrrsstucrsn
1069 358 1327 416 nannavums.
1823 363 1863 426 43

234 552 426 638 singillatim
450 551 558 640 capita
579 553 728 638 pectebat
749 552 823 638 ipsa
844 571 928 636 quae
950 551 1086 617 laverat.
1139 551 1201 636 (40)
1228 550 1345 616 Vicera
1367 570 1443 617 vero
1466 549 1659 632 cicatricum,
1684 569 1768 633 quae
1784 549 1865 616 cutis

233 659 311 724 laxa
339 657 507 726 detexerat
535 663 593 724 aut
621 677 747 742 ungues
771 661 1058 742 exasperaverant,
1095 675 1182 722 more
1205 654 1394 740 euangelica
1417 654 1489 722 oleo
1512 653 1682 740 superfuso
1705 655 1867 722 mulcebat

232 761 334 828 morbi
363 761 559 844 contagium.
605 759 776 846 Mulierum
806 779 883 826 vero
912 757 1176 826 descendentium
1202 757 1238 824 in
1260 758 1361 824 tinam
1384 757 1458 843 ipsa
1479 777 1551 824 cum
1574 773 1695 842 sapone
1718 777 1739 823 a
1760 757 1866 842 capite

230 885 333 950 usqne
363 864 407 932 ad
435 865 582 951 plantam
612 865 757 932 membra
787 863 916 948 singula
946 863 1103 929 diluebat.
1154 861 1405 950 Egredientibus
1434 861 1553 929 exinde
1583 861 1612 926 si
1639 859 1693 927 cui
1722 867 1867 928 veterata

198 989 211 1028 ι
232 968 422 1035 indumenta
443 967 642 1053 conspiceret
662 967 783 1034 tollens
805 987 891 1050 rasa,
917 988 1001 1034 nova
1022 965 1172 1048 reddens,
1199 971 1283 1032 ante·
1297 983 1458 1051 pannosos
1477 963 1619 1031 faciebat
1636 964 1747 1031 venire
1764 964 1866 1030 cultos

231 1072 274 1139 ad
296 1071 476 1158 prandium.
529 1071 591 1154 (41)
619 1070 745 1151 Quibus
768 1071 989 1156 congregatis,
1023 1069 1202 1136 ministerio
1225 1076 1355 1156 parato,
1388 1069 1461 1155 ipsa
1482 1089 1600 1152 aquam
1623 1068 1692 1135 sive
1714 1087 1865 1154 mappam

230 1175 368 1260 singulis
395 1173 583 1261 porrigebat
613 1181 645 1241 et
672 1175 826 1241 invalidis
855 1175 930 1260 ipsa
959 1175 1079 1261 pariter
1107 1195 1143 1241 os
1173 1181 1206 1242 et
1227 1193 1342 1240 manus
1365 1173 1523 1257 tergebat.
1569 1171 1653 1238 Hinc
1674 1172 1778 1238 tribus
1800 1171 1867 1239 ier-

230 1278 313 1346 culis
342 1279 468 1360 inlatis,
502 1276 626 1345 farcitis
657 1277 801 1361 deliciis,
834 1284 924 1345 stans
953 1285 1029 1344 ante
1059 1277 1254 1364 prandentes
1281 1276 1409 1360 ieiuna,
1440 1293 1594 1362 praesens
1622 1275 1765 1343 convivis
1794 1276 1868 1361 ipsa

230 1381 393 1450 incidebat
423 1402 558 1468 panem,
592 1401 738 1464 carnem,
773 1381 930 1467 quidquid
959 1381 1148 1467 adponeret.
1199 1383 1261 1467 (41)
1287 1380 1466 1465 Langnidis
1488 1385 1597 1447 autem
1618 1386 1652 1447 et
1673 1379 1779 1448 caecis
1801 1400 1867 1446 non

184 1505 212 1548 ro
232 1487 381 1553 cessabat
402 1485 476 1572 ipsa
498 1485 588 1552 cibos
611 1504 682 1551 cum
706 1485 852 1554 cocleare
874 1485 1057 1570 porrigere,
1085 1486 1145 1552 hoc
1167 1485 1393 1571 praesentibus
1416 1484 1542 1552 duabus
1566 1484 1625 1551 sed
1648 1505 1684 1552 se
1706 1485 1775 1551 sola
1797 1504 1867 1551 ser-

231 1591 351 1674 viente,
378 1595 413 1656 ut
434 1610 519 1655 nova
532 1589 662 1656 Martha
684 1595 858 1675 satageret,
885 1589 988 1658 donec
1009 1589 1168 1676 potulenti
1190 1589 1307 1657 fratres
1329 1589 1408 1656 laeti
1429 1588 1543 1657 fierent
1564 1588 1730 1655 conviviis.
1775 1589 1867 1656 Tunc

230 1694 289 1760 illa
310 1677 629 1761 removen'a'se'loeo
645 1687 658 1778 ,'
678 1700 714 1760 ut
735 1695 881 1760 ablueret
902 1712 1027 1776 manus,
1054 1695 1120 1760 iam
1141 1695 1224 1763 bene
1247 1694 1332 1762 culto
1355 1692 1501 1759 convivio
1522 1698 1590 1759 tota
1611 1691 1863 1776 gratificabatur.

232 1797 268 1864 Si
290 1796 369 1881 quid
391 1796 519 1863 audiret
541 1796 582 1864 de
604 1796 744 1880 fremitu,
771 1797 904 1864 iubebat
924 1804 1035 1865 tamen
1057 1805 1092 1864 ut
1113 1799 1276 1880 sederent,
1303 1796 1405 1864 donec
1426 1796 1549 1862 veilent
1569 1795 1758 1880 adsurgere.
1888 1813 1999 1880 xum

322 1901 385 1986 (43)
411 1899 600 1967 Venerabili
628 1921 705 1967 vero
734 1900 819 1967 omni
849 1901 1011 1968 dominico
1041 1901 1096 1968 die
1124 1902 1186 1969 hoe
1215 1901 1358 1968 babebat
1384 1900 1418 1968 in
1445 1919 1567 1966 canone
1589 1901 1641 1968 vel
1664 1907 1790 1968 aestate
1812 1902 1867 1968 vel

183 2025 212 2066 ιι
232 2005 357 2089 hieme,
394 2011 430 2071 ut
462 2004 660 2090 pauperibus
693 2004 838 2071 collectis
870 2005 972 2090 primo
1004 2025 1126 2072 memm
1157 2025 1217 2072 sua
1245 2025 1343 2072 manu
1373 2003 1414 2071 de
1444 2010 1521 2090 potu
1551 2002 1647 2070 dulce
1676 2005 1863 2090 porrigeret,

232 2109 363 2194 puellae
392 2115 507 2195 postea
537 2109 753 2190 committens,
786 2115 822 2175 ut
850 2109 998 2177 omnibus
1020 2109 1079 2176 ilia
1100 2109 1301 2196 propinaret,
1336 2108 1413 2193 quia
1434 2107 1509 2192 ipsa
1530 2106 1708 2174 festinabat
1729 2109 1866 2176 orationi

231 2215 409 2297 occurrere,
435 2233 499 2298 quo
523 2219 556 2279 ct
578 2232 705 2279 cursum
730 2220 965 2280 consummaret
988 2219 1021 2280 et
1043 2212 1265 2280 sacerdotibus
1287 2212 1332 2278 ad
1352 2231 1498 2278 mensam
1512 2211 1659 2278 invitatis
1674 2222 1863 2298 occurreret,

230 2335 313 2401 quos
335 2316 443 2384 adbuc
464 2316 570 2402 regali
592 2335 680 2382 more
702 2315 745 2382 ad
766 2317 895 2403 propria
917 2337 988 2383 cum
1012 2316 1154 2384 redirent
1177 2316 1247 2383 sine
1269 2335 1402 2382 munere
1424 2335 1489 2382 non
1511 2316 1648 2382 laxaret.

322 2423 384 2505 (44)
411 2422 504 2488 Hane
532 2441 660 2505 quoque
688 2440 757 2489 rem
784 2420 1076 2489 intremeaeendam
1104 2441 1168 2505 qua
1197 2421 1375 2506 peragebat
1406 2419 1595 2487 dulcedine!
1643 2420 1724 2487 Cum
1747 2421 1868 2509 leprosi
1890 2421 1970 2487 XIX

181 2525 398 2592 revenientes
428 2525 521 2610 signo
551 2525 636 2592 facto
666 2543 701 2591 se
730 2524 918 2611 proderent,
952 2525 1084 2593 iubebat
1113 2524 1348 2607 adminiculae,
1382 2529 1417 2590 ut
1443 2523 1528 2591 unde
1550 2524 1604 2590 vel
1626 2525 1738 2609 quanti
1761 2534 1870 2594 essent

231 2630 285 2716 pia
308 2649 386 2696 cura
407 2629 595 2714 requireret.
642 2628 715 2709 Qua
737 2628 801 2694 sibi
823 2628 1042 2712 renuntiante,
1070 2636 1186 2715 parata
1206 2647 1336 2712 mensa,
1363 2627 1565 2710 missorium,
1591 2629 1772 2713 cocleares,
1798 2631 1869 2698 cul-

231 2733 336 2814 tellos,
365 2752 495 2814 cannas,
523 2739 634 2818 potum
658 2738 691 2799 et
712 2733 830 2799 calices
852 2733 942 2799 scola
964 2733 1181 2817 subsequente
1204 2732 1474 2798 intromittebatur
1495 2731 1615 2814 furtim,
1642 2753 1705 2817 quo
1724 2753 1759 2800 se
1773 2755 1867 2802 nemo

232 2834 422 2921 perciperet.
469 2834 547 2920 Ipsa
578 2842 688 2902 tamen
720 2835 873 2902 mulieres
905 2835 1005 2902 variis
1035 2837 1145 2921 leprae
1174 2835 1311 2902 maculis
1341 2834 1605 2920 conprehendens
1634 2835 1668 2902 in
1698 2839 1860 2922 amplexu,

233 2939 439 3005 osculabatur
468 2945 501 3004 et
529 2939 654 3004 vultum
683 2945 750 3006 teto
781 2939 922 3024 diligens
944 2940 1064 3006 animo.
1117 2940 1178 3032 (45)
1207 2938 1334 3006 Deinde
1356 2939 1463 3024 posita
1484 2958 1598 3006 mensa
1620 2939 1727 3006 ferens
1750 2961 1867 3026 aquam

182 3059 213 3103 aa
233 3043 385 3123 calidam,
410 3040 512 3108 facies
534 3041 676 3125 lavabat,
702 3061 827 3122 manns,
854 3062 981 3126 ungues
1004 3049 1036 3109 ct
1058 3043 1169 3110 ulcera
1192 3049 1225 3110 et
1246 3061 1358 3108 rursus
1381 3041 1629 3110 administrabat
1642 3043 1715 3128 ipsa
1729 3063 1867 3129 pascens

232 3165 291 3232 per
319 3143 460 3228 singula.
506 3145 744 3212 Recedentibus
773 3146 951 3231 praebebat
979 3147 1051 3213 auri
1080 3147 1135 3213 val
1163 3145 1348 3212 vestimenti
1377 3145 1432 3211 vix
1462 3166 1528 3212 una
1556 3151 1640 3212 teste
1663 3149 1864 3215 munuscula.

238 3249 299 3333 (46)
326 3248 472 3315 Ministra
500 3255 609 3316 tamen
638 3249 868 3335 praesumebat
893 3257 927 3317 et
947 3250 1178 3316 blandimentis
1201 3249 1248 3316 sie
1271 3249 1455 3336 appellare:
1490 3243 1700 3317 Sanctissima
1722 3250 1863 3334 domina,

232 3353 360 3438 quista
383 3353 546 3419 osculetur
569 3373 652 3437 quae
676 3337 891 3440 sic'lcprosos
914 3354 1141 3440 amplecteris?
1184 3354 1248 3420 Illa
1270 3353 1435 3439 respondit
1457 3353 1625 3422 benivole:
1658 3355 1741 3422 Vere
1765 3355 1793 3422 si
1815 3376 1867 3422 me

232 3477 296 3524 non
319 3457 486 3541 osculeris,
512 3457 588 3524 binc
610 3457 691 3524 mibi
713 3477 789 3524 cura
810 3479 872 3526 nec
893 3459 961 3525 ulia
984 3465 1045 3526 est.
1767 3545 1769 3548 Ι

182 3581 213 3624 no
325 3561 386 3646 (47)
414 3560 505 3641 Quae
528 3566 636 3628 tamen
659 3568 845 3648 praestante
867 3562 927 3629 deo
951 3562 1080 3630 diverse
1103 3562 1196 3629 fulsit
1215 3561 1384 3628 miraculo.
1424 3561 1569 3645 Denique
1586 3560 1613 3626 si
1629 3561 1701 3647 quis
1716 3564 1866 3648 pustulae
1889 3566 1954 3631 XX

233 3664 421 3750 desperaret
450 3664 491 3731 de
519 3665 672 3746 vulnere,
703 3666 859 3733 offerebat
883 3667 1032 3733 ministra
1054 3672 1186 3734 sancme
1208 3665 1500 3751 foliumpampani
1521 3664 1681 3731 mendene
1703 3665 1766 3732 sibi
1787 3686 1868 3753 opus

232 3769 294 3835 boc
315 3788 400 3835 asae.
448 3767 503 3834 Sic
526 3767 581 3833 vix
604 3769 733 3836 obtento
756 3769 925 3852 signaculo
947 3775 1078 3855 portans
1101 3771 1144 3836 ad
1166 3769 1388 3854 desperatum,
1422 3768 1551 3835 vulneri
1571 3769 1772 3855 superposito
1793 3781 1869 3838 mox

232 3873 420 3939 occurrebat
453 3871 643 3939 remedium.
705 3873 768 3958 (48)
795 3873 876 3940 Item
910 3873 1113 3958 frigoreticus
1145 3873 1202 3958 qui
1234 3872 1378 3940 venisset
1406 3877 1462 3939 aut
1491 3872 1667 3957 languidus
1695 3871 1806 3941 dicens
1834 3875 1868 3942 in

233 3975 353 4042 somnis
384 3995 419 4043 se
449 3975 590 4058 vidisse,
624 3983 660 4043 ut
688 3998 745 4063 pro
774 3998 834 4044 sua
861 3978 966 4044 salute
988 3976 1130 4045 feminae
1153 3983 1284 4044 sanctae
1307 3984 1504 4060 occurreret,
1536 3977 1674 4044 offerens
1697 3977 1868 4046 candelam

183 4099 214 4141 aa
234 4079 332 4146 alicui
354 4099 395 4146 ex
418 4079 581 4161 ministris,
610 4101 675 4166 qua
696 4080 830 4148 incensa
851 4101 909 4167 per
930 4087 1056 4148 noctem
1079 4081 1209 4148 morbus
1231 4079 1411 4167 accipiebat
1427 4087 1572 4166 mortem,
1598 4080 1763 4149 morbidus
1778 4083 1868 4152 sani-

321 4377 337 4426 1
355 4376 431 4428 diere.
452 4377 478 4442 d,
500 4377 541 4428 13.
649 4378 680 4428 11
700 4379 764 4429 Luc.
786 4379 827 4442 19,
850 4379 891 4430 11.

322 4654 334 4704 1
354 4656 500 4718 pertinebat
517 4657 564 4705 le
684 4653 761 4724 led]
780 4656 887 4707 dacto
1008 4659 1150 4708 inueterata
1171 4657 1192 4705 T
1312 4656 1328 4706 5
1345 4657 1465 4707 reddebat
1485 4657 1506 4705 T
1628 4658 1643 4708 8
1662 4660 1788 4708 conuiuiis
1807 4659 1871 4709 P¹M

156 4795 159 4800 ,
236 4741 267 4792 10
285 4743 414 4791 cocleerlls
426 4743 457 4804 L,
478 4743 559 4792 coelae
578 4743 601 4790 a
704 4745 757 4792 sele
774 4758 802 4794 ae
818 4743 869 4791 ΡΜ
973 4742 1002 4792 11
1023 4749 1103 4793 marte
1116 4743 1169 4791 ΡΜ
1270 4739 1373 4810 tierent]
1391 4743 1521 4793 renuerent
1540 4745 1586 4794 LE
1690 4745 1720 4796 13
1738 4760 1868 4808 assurgere

233 4829 330 4878 uellent
351 4828 372 4876 T
506 4828 537 4879 14
555 4827 635 4897 omni]
654 4845 703 4881 cm.
724 4829 755 4877 Μ
872 4832 916 4880 uel
933 4827 1041 4898 secute]
1059 4835 1153 4880 nasute
1175 4831 1197 4880 T
1327 4829 1357 4880 15
1376 4831 1486 4893 primum
1503 4830 1551 4879 LE
1681 4832 1712 4882 16
1730 4847 1816 4883 omnes
1834 4833 1864 4896 0,

233 4930 283 4964 cm.
305 4914 334 4962 Μ
470 4917 574 4965 orationi
599 4913 739 4984 occanere]
764 4919 871 4968 orationi
895 4919 1023 4968 incurrere
1048 4916 1091 4978 Μ,
1119 4918 1152 4967 ed
1175 4918 1311 4967 orationem
1333 4931 1459 4966 recanere
1483 4919 1519 4982 b,
1548 4920 1655 4968 orationi
1677 4920 1823 4968 incumbere
1846 4920 1870 4967 Ε

236 5001 267 5051 17
286 5005 312 5050 et
329 4998 441 5069 numum]
465 5015 527 5052 eurr.
548 4999 593 5065 1²²,
619 5004 650 5052 ed
668 5019 770 5053 cursum
791 5005 820 5052 Μ
956 5004 1104 5054 coeuntia
1252 5002 1283 5054 18
1302 5006 1426 5054 relaxaret
1446 5005 1468 5052 T
1606 5004 1638 5056 19
1655 5005 1815 5056 dulcedinem
1835 5006 1867 5055 1³¹

236 5088 269 5138 11
288 5085 393 5156 manee]
411 5105 437 5138 a.
456 5090 501 5137 Du
521 5089 702 5151 Genucilium.
724 5096 783 5140 torn.
804 5093 841 5154 il,
860 5107 888 5154 p.
909 5093 942 5142 97
1063 5091 1297 5142 intromittebantur
1315 5091 1368 5152 LE,
1387 5091 1571 5141 intromittebat
1591 5091 1613 5140 T
1746 5090 1867 5155 231epra

234 5173 267 5222 Ρ1
389 5171 506 5242 maculis]
524 5177 637 5238 pertusas
656 5179 762 5227 meeulie
784 5178 805 5226 Τ
942 5177 975 5228 11
994 5177 1083 5228 nultus
1101 5179 1155 5242 LE,
1175 5179 1332 5228 osculabatur
1350 5180 1379 5228 ln
1397 5178 1486 5228 deeem
1504 5182 1556 5229 totu
1577 5178 1598 5226 Τ
1734 5177 1866 5228 1611111-

235 5258 327 5328 menti]
345 5263 463 5312 solatium
480 5260 541 5312 add.
566 5262 587 5310 Τ
723 5265 845 5314 munitice
864 5265 910 5315 GT
1050 5264 1082 5314 17
1101 5263 1139 5333 et]
1157 5263 1242 5330 Pllil,
1267 5271 1294 5315 et
1311 5266 1333 5313 ei
1352 5265 1382 5327 b,
1402 5278 1451 5314 orn.
1472 5264 1500 5326 B,
1522 5279 1577 5314 eam
1596 5264 1637 5328 (1)
1778 5267 1867 5330 eppei·

233 5348 280 5396 lerl
298 5346 330 5395 Ρ1
464 5347 497 5398 18
516 5350 637 5399 maauaie
655 5351 687 5415 b,
707 5365 757 5401 om.
778 5352 801 5399 Ε
933 5365 993 5401 uere
1013 5353 1034 5400 el
1051 5349 1104 5420 me]
1122 5354 1213 5402 uenire
1231 5351 1262 5414 L,
1283 5366 1373 5401 uerum
1391 5353 1414 5401 sl
1432 5365 1472 5401 me
1491 5351 1514 5398 3
1645 5349 1679 5402 19
1697 5351 1794 5401 ecculm
1813 5351 1862 5416 Μ1,

233 5434 354 5483 osculeris
376 5430 420 5482 m
539 5449 598 5484 cure
616 5449 663 5486 nee
680 5433 744 5504 ulle]
762 5452 820 5487 cure
838 5439 909 5488 nulle
927 5437 964 5500 Μ,
984 5439 1058 5487 nulle
1076 5453 1134 5488 oure
1154 5438 1176 5487 T
1296 5435 1485 5498 adturgum
1607 5435 1638 5487 31
1658 5439 1787 5487 emerebet
1804 5437 1865 5502 ΡΜ,

233 5524 263 5570 ut
280 5522 349 5584 lasea
454 5519 586 5590 pempenl]
605 5521 680 5572 ΡΜθ
785 5523 817 5574 31
836 5539 892 5574 ease
910 5525 957 5574 boc
975 5522 1004 5571 Μ
1101 5527 1123 5574 ei
1141 5525 1206 5587 1³¹0,
1227 5527 1312 5588 sieque
1332 5525 1373 5588 (Τ)
1473 5524 1575 5574 obtento
1592 5525 1639 5574 uix
1661 5524 1683 5573 T
1779 5538 1867 5588 euper-

233 5607 345 5670 peeltum
366 5607 388 5654 T
525 5607 557 5659 33
575 5605 652 5677 item]
669 5609 700 5671 li,
719 5610 788 5660 idem
806 5607 926 5676 ww,
945 5609 973 5658 ld
992 5613 1031 5659 eet
1049 5609 1126 5677 P¹G¹‚
1145 5615 1171 5662 et
1187 5608 1226 5660 1³²
1345 5611 1503 5672 trigentlcus
1522 5608 1583 5660 ΜΡ1
1716 5607 1749 5660 31
1766 5615 1867 5662 senem

234 5693 345 5744 leminea
366 5694 387 5742 T
489 5697 610 5746 elierebet
631 5695 653 5744 T
756 5696 789 5746 35
807 5711 912 5747 accense
932 5695 1023 5760 (LliT)
1129 5695 1268 5767 morbidus]
1285 5702 1370 5748 eutem
1387 5697 1447 5748 add.
1468 5696 1498 5746 Μ

1621 5801 1658 5850 60
