4290 6194
786 365 882 422 VITA
901 366 1038 424 SANCTI
1055 365 1230 422 Adtulit.
1784 369 1820 431 6¹

192 559 266 644 plus
294 556 375 624 lucri
404 565 534 642 caperet
555 563 762 640 augmentum
786 577 884 639 quam
905 557 1010 623 victus
1032 558 1210 624 necessitas
1232 557 1429 643 postulabat.
1481 560 1542 640 (62)
1570 557 1665 622 Venit
1687 576 1763 640 ergo
1786 555 1828 620 ad

193 663 276 727 hanc
303 662 353 727 vir
381 661 512 745 quidam
543 659 641 727 atroci
665 661 786 725 scelere
809 660 884 725 aliis
907 661 1003 744 longe
1026 661 1206 726 criminosis
1229 661 1397 726 immanior
1419 659 1527 743 aitque
1552 679 1587 725 se
1610 660 1695 726 velle
1718 658 1827 724 vinum

193 763 339 831 mercari.
386 765 449 830 Illa
478 783 554 830 vero
578 783 651 829 eum
673 763 757 827 intra
780 762 930 834 cellulam
953 763 1076 848 recepit
1098 771 1134 829 ut
1156 771 1350 848 emptorem,
1386 770 1418 829 et
1439 770 1475 830 ut
1496 782 1536 829 ne
1560 762 1682 829 diutius
1704 769 1829 829 teneret

193 888 266 934 eum
297 868 433 934 forsitan
462 874 705 953 properantem,
739 865 913 932 celeritatis
942 866 1050 934 studio
1079 867 1199 934 seniles
1229 866 1368 951 castigat
1397 886 1513 933 moras.
1573 869 1634 950 (63)
1661 867 1723 932 Ille
1751 886 1827 932 vero

160 971 462 1055 acircumspectare
493 970 597 1056 coepit
626 969 733 1036 omnia
762 969 919 1054 vagisque
950 970 1124 1037 luminibus
1153 971 1306 1037 universa
1328 989 1528 1057 percurrere,
1563 971 1697 1054 siquae
1719 976 1829 1036 essent

192 1094 276 1158 quae
305 1073 422 1139 viduae
452 1073 549 1138 simul
580 1080 613 1140 et
641 1073 777 1159 pauperi
806 1073 1048 1139 crudelissimus
1077 1074 1197 1160 praedo
1220 1081 1331 1160 posset
1353 1073 1491 1140 auferre.
1541 1074 1625 1138 Dum
1649 1093 1725 1158 ergo
1747 1074 1828 1139 haec

193 1177 341 1244 muliebri
371 1176 504 1242 levitate
534 1176 697 1258 turbatur,
732 1196 806 1242 mox
835 1177 891 1243 ille
922 1177 1088 1261 capsulam
1115 1199 1187 1244 curn
1211 1179 1330 1262 exigua
1352 1177 1491 1262 pecunia
1515 1177 1682 1262 conspicit,
1717 1176 1829 1261 diripit

192 1280 388 1363 abstulitque
422 1286 454 1346 et
482 1279 557 1346 vino
587 1287 727 1345 mercato
757 1279 885 1362 aufugit
914 1279 1065 1363 venitque
1094 1288 1168 1366 post
1197 1281 1336 1347 triduum
1367 1279 1461 1365 quasi
1489 1280 1705 1346 innocentiam
1736 1298 1827 1345 suam

192 1382 453 1469 praesentialiter
480 1388 727 1448 monstraturus.
779 1383 841 1465 (64)
868 1382 932 1447 Illa
960 1382 1035 1448 ilico
1065 1383 1182 1449 nefarii
1208 1384 1288 1450 furis
1311 1383 1491 1449 certissima
1515 1381 1621 1469 eoepit
1644 1384 1772 1450 evolare
1794 1383 1828 1449 in

145 1485 311 1553 infaciem
335 1485 404 1552 eius
427 1505 583 1571 opemque
607 1485 801 1552 clamoribus
824 1504 996 1567 quaerere:
1024 1487 1214 1553 criminosus
1238 1493 1271 1553 et
1291 1487 1362 1572 ipse
1381 1485 1597 1552 conscientiae
1612 1506 1690 1552 suae
1707 1487 1828 1553 scelere

193 1589 322 1655 territus
345 1608 440 1655 cursu
462 1587 568 1654 subito
591 1588 655 1654 cito
679 1607 714 1654 se
736 1587 870 1674 proripit
892 1608 1073 1673 equumque
1096 1590 1294 1656 conscendit.
1348 1591 1408 1673 (65)
1437 1591 1527 1655 Anus
1548 1590 1657 1675 prodit
1677 1591 1830 1656 coellula

194 1693 327 1777 cupiens
357 1693 482 1778 praeire
509 1691 704 1758 clamoribus
726 1712 821 1775 quem
845 1693 936 1758 tardo
960 1694 1052 1775 sequi
1074 1713 1188 1778 gressu
1211 1714 1274 1759 non
1296 1701 1432 1779 poterat.
1479 1691 1531 1758 Ad
1554 1700 1698 1759 sanctam
1721 1699 1829 1758 tamen

193 1785 361 1862 basilicam
385 1794 514 1879 erigens
537 1795 647 1861 oculos
670 1795 730 1862 hoo
752 1794 843 1860 fideli
865 1795 1036 1862 devotione
1059 1803 1091 1862 et
1113 1791 1255 1862 maxima
1276 1817 1355 1863 voce
1378 1797 1612 1882 proclamabat:
1654 1796 1703 1860 Ne
1726 1796 1824 1876 sinas,

195 1919 318 1965 summe
347 1898 498 1964 sacerdos
528 1898 743 1982 defensorque
765 1897 954 1980 fortissime,
991 1899 1080 1966 abire
1102 1901 1298 1984 praedonem
1321 1920 1444 1979 meum,
1478 1920 1520 1965 ne
1543 1898 1675 1964 deseras
1697 1899 1829 1965 viduam

145 2023 175 2064 ιι
196 2009 229 2068 et
257 2022 450 2087 pauperem,
484 2001 667 2067 divitiarum
698 2021 842 2066 mearum
865 2002 1015 2067 solatium
1039 2010 1072 2069 et
1093 2003 1195 2069 virtus
1218 2023 1302 2068 mea.
1355 2005 1416 2088 (66)
1444 2003 1588 2086 Cumque
1611 2003 1671 2069 hoc
1693 2004 1830 2087 supplex
1876 2073 1877 2076 Ἴ

196 2106 414 2191 depromeret,
447 2105 537 2171 miris
568 2111 700 2190 repente
730 2104 834 2170 modis
864 2105 1021 2190 conspicit
1047 2106 1082 2170 in
1111 2106 1218 2172 medio
1248 2106 1330 2171 atrio
1359 2107 1393 2172 in
1423 2127 1542 2172 morem
1565 2105 1668 2172 cautis
1690 2104 1830 2188 riguisse

195 2209 410 2295 cornipedem.
458 2207 630 2274 Acciderat
659 2208 763 2290 euim,
796 2214 831 2273 ut
860 2227 900 2274 ea
929 2207 983 2274 die
1012 2227 1125 2275 sacrae
1157 2208 1368 2294 depositionis
1392 2209 1462 2274 eius
1485 2208 1725 2274 celebrarentur
1746 2207 1831 2273 festa

194 2333 300 2378 annuo
330 2314 407 2379 orbe
430 2313 591 2398 completo
614 2320 646 2378 et
668 2310 919 2396 egrediebantur
940 2311 981 2377 de
1003 2311 1141 2378 basilica
1162 2313 1275 2398 populi
1297 2312 1435 2398 expletis
1459 2331 1500 2377 ex
1523 2331 1610 2376 more
1634 2309 1831 2376 solemnibus

194 2422 387 2500 stupentque
418 2415 565 2482 miraculi
594 2415 738 2481 novitate
768 2414 918 2500 perculsi.
978 2415 1039 2499 (67)
1067 2415 1231 2482 Haerebat
1259 2435 1386 2499 quoque
1416 2433 1490 2480 reus
1522 2419 1656 2500 stupens
1686 2433 1827 2499 corpore,
1903 2497 1908 2508 ,

145 2538 175 2580 ao
196 2520 303 2586 stabat
324 2539 405 2586 anus
428 2518 542 2586 innixa
564 2519 692 2586 baculo.
734 2517 855 2583 Fundit
875 2518 1007 2584 tandem
1030 2519 1220 2584 criminosus
1243 2519 1359 2584 uberes
1382 2516 1488 2600 fletus,
1515 2523 1682 2602 peccatum
1698 2517 1826 2596 fatetur,

192 2623 362 2706 pecuniam
394 2622 501 2688 reddit
530 2630 563 2689 et
585 2621 765 2689 absolvitur
788 2621 982 2706 domumque
1006 2629 1129 2688 remeat
1150 2622 1327 2688 absolutus.
1380 2622 1442 2704 (68)
1470 2621 1566 2686 Plebs
1588 2622 1687 2705 igitur
1708 2626 1831 2686 tautam

193 2727 342 2790 virtutem
373 2725 456 2790 mira
486 2726 684 2792 exultatione
713 2730 746 2789 et
762 2723 933 2810 ,ineffabili
956 2725 1054 2790 laude
1078 2724 1121 2790 ad
1144 2726 1252 2790 caelos
1275 2725 1368 2790 effert
1390 2725 1490 2789 etita
1513 2723 1674 2807 gloriosus
1696 2723 1831 2787 antistes

194 2827 254 2891 fuit
276 2828 310 2892 iu
333 2827 523 2893 defensioue
546 2827 700 2913 pauperis
723 2825 831 2908 fortis,
867 2827 901 2892 in
923 2827 1125 2893 absolutione
1148 2827 1311 2893 criminosi
1333 2826 1514 2892 misericors
1537 2827 1748 2912 praebuitque
1769 2826 1831 2890 im-

195 2947 307 2993 mensa
329 2929 496 3011 miracula,
523 2932 574 2996 vel
598 2950 668 2995 cum
692 2929 783 2996 audit
804 2930 1007 2995 innocentem
1030 2930 1082 2994 vel
1107 2930 1261 2996 solvendo
1284 2930 1505 3014 dampnatum.

145 3049 176 3094 aa
286 3033 348 3116 (69)
375 3033 447 3098 Non
470 3035 566 3116 longo
588 3053 665 3098 vero
687 3039 760 3116 post
780 3039 940 3117 tempore,
969 3033 1047 3098 dum
1069 3033 1140 3117 ipse
1164 3033 1196 3098 in
1219 3032 1373 3118 periculis
1396 3032 1489 3098 adest
1512 3030 1658 3114 famulis,
1686 3031 1829 3114 sequitur
1852 3029 1883 3092 X

196 3136 282 3200 clara
304 3135 406 3202 virtus
429 3155 468 3202 ac
489 3136 642 3201 maxima.
689 3135 821 3218 Iamque
843 3134 877 3200 in
901 3135 1135 3222 Septimaniam
1157 3135 1289 3220 quidam
1311 3135 1421 3201 riuum
1444 3135 1579 3201 mercari
1602 3134 1734 3219 cupiens
1757 3153 1832 3218 pro-

195 3239 343 3323 perabat,
378 3240 467 3324 prius
497 3246 605 3305 tamen
635 3237 803 3304 basilicam
833 3239 965 3322 gloriosi
995 3239 1237 3325 triumphatoris
1267 3239 1434 3323 ingressus
1464 3239 1622 3305 tumulum
1645 3238 1715 3303 eius
1737 3237 1826 3321 petit,

195 3342 264 3407 solo
292 3342 518 3426 prosternitur,
552 3341 797 3428 prosperitatem
828 3343 933 3427 poscit
962 3341 1105 3424 itineris,
1138 3349 1212 3409 vota
1242 3342 1388 3429 spondet.
1442 3342 1501 3425 (76)
1530 3342 1604 3407 Mox
1629 3339 1832 3426 progreditur

195 3444 322 3528 levique
345 3445 456 3512 labore
479 3444 632 3511 diffusum
656 3463 806 3510 emensus
827 3446 889 3511 iter
912 3446 946 3510 in
962 3446 1195 3532 Septimaniam
1218 3446 1315 3528 venit,
1341 3445 1450 3512 vinum
1466 3453 1635 3526 mercatur,
1662 3444 1705 3509 ad
1720 3443 1830 3510 urbem

125 3540 175 3608 'uo
195 3555 328 3614 remeat.
375 3549 417 3614 Et
445 3548 509 3614 iam
539 3547 681 3614 medium
705 3547 856 3614 secundis
879 3550 1028 3633 gaudens
1051 3550 1148 3616 rebus
1169 3549 1231 3615 iter
1253 3548 1504 3633 bausgmditur,
1536 3547 1601 3612 iam
1624 3566 1768 3612 summae
1791 3546 1831 3612 de

194 3652 313 3718 vertice
344 3651 433 3737 rupis
458 3651 492 3715 in
522 3651 587 3716 imo
611 3651 708 3716 vallis
729 3671 824 3717 amne
847 3652 914 3718 leni
936 3651 1087 3720 fluentem
1110 3654 1248 3718 Tamem
1272 3651 1427 3737 conspicit
1449 3650 1584 3732 flumen,
1618 3649 1682 3714 iam
1705 3649 1832 3716 vicinus

194 3755 265 3821 urbi
288 3755 396 3820 alacer
419 3774 491 3820 eam
513 3755 671 3836 intuetur,
705 3755 769 3820 iam
792 3755 875 3822 votis
899 3756 1011 3822 dulces
1034 3756 1102 3822 nati
1124 3755 1252 3822 blandis
1275 3755 1417 3841 pendent
1439 3774 1480 3819 ex
1502 3752 1637 3834 osculis,
1664 3753 1728 3818 iam
1753 3754 1831 3818 urbe

195 3858 325 3941 fruitur,
356 3859 427 3924 ‘iam
457 3864 624 3943 parentum
656 3859 838 3943 civiumque
868 3859 988 3943 potitur
1017 3859 1144 3925 affectu.
1199 3861 1260 3943 (71)
1289 3858 1372 3922 Dum
1403 3878 1480 3941 ergo
1510 3875 1568 3942 spe
1589 3863 1674 3922 totus
1696 3856 1729 3921 in
1753 3857 1831 3922 urbe

195 3968 244 4026 est
272 3969 305 4028 et
334 3961 457 4028 excelsi
485 3961 600 4028 montis
630 3961 709 4044 iuga
737 3961 840 4045 carpit
868 3962 999 4045 itinere,
1032 3969 1166 4047 repente
1195 3962 1294 4027 atroci
1324 3961 1412 4027 luctu
1441 3959 1564 4044 gaudia
1591 3960 1826 4044 perturbantur,

144 4085 175 4125 aa
193 4085 268 4129 nam
299 4065 473 4150 impulsum
504 4085 583 4131 saxo
613 4064 797 4130 vehiculum
826 4064 967 4149 quatitur
998 4084 1197 4148 excussoque
1220 4064 1369 4130 vehiculo
1392 4083 1450 4128 ras
1472 4062 1573 4130 atroci
1595 4064 1732 4128 resultat
1753 4083 1831 4129 sono

194 4172 290 4249 atque
320 4168 387 4234 ima
414 4176 529 4253 petens
560 4168 656 4235 vallis
686 4168 719 4232 in
749 4167 856 4252 planis
887 4166 1017 4233 tandem
1048 4168 1229 4234 collabitur.
1281 4169 1343 4252 (72)
1371 4166 1464 4245 Quod
1487 4174 1610 4252 emptor
1632 4166 1831 4252 perspiciens

194 4270 358 4358 abrumpit
386 4273 562 4339 caesariem
592 4291 758 4356 genasque
789 4271 926 4337 dilaniat
954 4279 987 4337 et
1016 4277 1144 4337 vertens
1172 4273 1215 4338 ad
1245 4272 1372 4338 moenia
1402 4269 1519 4336 oblitos
1549 4268 1691 4334 lacrimis
1721 4270 1831 4335 oculos

194 4373 280 4438 fatur
303 4375 349 4440 sic
371 4375 502 4461 paucis:
530 4377 588 4454 Te,
614 4395 633 4440 o
656 4375 842 4441 beatissime
865 4374 1018 4460 pontifex,
1047 4373 1129 4441 duce
1153 4381 1297 4441 extrema
1319 4374 1386 4440 adii
1408 4375 1488 4455 loca,
1516 4393 1557 4439 en
1580 4373 1727 4438 desertus
1750 4380 1826 4452 ate,

193 4475 258 4540 iam
288 4477 413 4562 patriae
443 4476 601 4543 adductus
630 4478 664 4542 in
694 4477 830 4560 finibus,
866 4479 957 4561 gravi
988 4498 1213 4544 aerumnarum
1236 4478 1320 4544 mole
1343 4495 1533 4563 oppressus,
1569 4476 1685 4559 dignas
1709 4475 1831 4541 meritis

145 4597 176 4640 to
196 4599 320 4665 paenas
343 4580 406 4645 luo.
459 4583 520 4663 (73)
547 4581 638 4647 Haec
659 4588 765 4647 autem
787 4581 913 4664 ingenti
937 4583 1024 4647 luctu
1047 4601 1316 4663 commemorans,
1349 4581 1392 4647 ad
1419 4581 1523 4646 locum
1550 4580 1669 4663 inquo
1693 4599 1750 4644 vas
1773 4580 1832 4645 de-

195 4682 318 4747 ciderat
347 4684 556 4767 properabat,
590 4703 662 4750 cum
693 4684 843 4750 lacrimas
874 4683 997 4750 seilicet
1027 4703 1127 4750 causa
1158 4685 1360 4750 lacrimarum
1390 4691 1524 4768 augeret
1553 4691 1586 4748 et
1608 4681 1700 4748 dolor
1722 4682 1830 4748 damni

195 4785 377 4869 praesentis
403 4785 542 4852 maiores
571 4809 591 4852 a
619 4788 735 4852 misero
765 4808 888 4874 paenas
920 4787 1076 4871 exigeret.
1129 4791 1190 4870 (74)
1219 4789 1300 4855 Cum
1329 4807 1406 4872 ergo
1433 4786 1476 4853 ad
1498 4788 1604 4854 locum
1626 4785 1707 4851 flens
1730 4783 1827 4866 venit,

195 4887 313 4972 aspicit
343 4895 474 4971 repente
506 4889 665 4975 stupendo
694 4891 849 4955 miraculo
879 4909 938 4955 ras
970 4890 1130 4975 integrum
1161 4891 1298 4974 vinoque
1327 4891 1458 4976 plenum
1491 4897 1523 4956 et
1544 4897 1712 4974 patronum
1735 4908 1830 4972 quem

195 4991 389 5072 querebatur
417 4991 586 5057 absentem
612 4993 728 5058 virtute
751 4993 839 5059 clara
861 4999 1064 5075 praesentem
1087 4993 1251 5076 intelligit.
1300 4993 1466 5059 Lacrimae
1489 4993 1587 5076 igitur
1609 4996 1775 5056 vertuntur
1797 4991 1831 5054 in

146 5113 177 5153 ιι
197 5092 319 5176 gaudia
347 5099 380 5157 et
408 5113 533 5160 maeror
557 5095 592 5159 iu
614 5094 770 5160 laetitiam
795 5101 1003 5180 permutatur.
1057 5100 1116 5177 (75)
1145 5097 1186 5160 Et
1208 5096 1254 5161 ita
1276 5094 1339 5161 fuit
1361 5095 1490 5161 maioris
1514 5092 1660 5158 miraculi
1683 5111 1750 5156 rem
1772 5112 1832 5176 pa-

195 5193 338 5260 trociniis
367 5195 520 5263 antistitis
550 5197 653 5264 sancti
683 5199 884 5264 commissam
917 5198 963 5264 sic
992 5197 1093 5265 fuisse
1124 5199 1282 5264 salvatam
1312 5219 1408 5282 quam
1438 5217 1502 5262 nou
1531 5195 1632 5260 fuisse
1655 5193 1826 5280 dilapsam,

196 5295 294 5362 duras
322 5306 433 5364 cautes
462 5321 526 5366 non
555 5301 697 5367 sensisse
727 5301 803 5366 dum
833 5301 1038 5368 collideretur
1067 5322 1164 5387 quam
1195 5301 1340 5368 evasisse
1370 5300 1513 5385 pericula
1536 5298 1612 5363 dum
1635 5305 1827 5375 servaretur,

284 5487 315 5536 16
333 5493 412 5540 cautis
430 5489 554 5559 riguisse]
572 5493 608 5554 cs.
628 5505 703 5553 capra
720 5507 747 5553 p.
768 5495 811 5552 68,
831 5494 850 5540 t.
872 5493 905 5541 95
1024 5495 1053 5548 li
1074 5489 1245 5560 cornlpedem]
1268 5492 1336 5552 Verp.
1357 5492 1420 5540 Aea.
1445 5489 1503 5551 Vll,
1523 5489 1573 5536 779
1688 5486 1718 5537 31
1739 5490 1766 5535 lu
1785 5489 1834 5534 lmo

197 5573 249 5634 (uel
266 5577 318 5640 lma
335 5576 392 5628 add.
409 5579 448 5642 Μ)
473 5575 564 5644 uallis]
584 5577 619 5639 Μ,
641 5577 776 5639 primaeL
891 5581 1015 5632 fluentem
1034 5609 1069 5620 -
1087 5580 1120 5632 32
1140 5577 1206 5647 eam]
1225 5593 1275 5628 ons.
1291 5575 1318 5624 Μ
1432 5573 1464 5622 32
1484 5575 1549 5621 11⁰2ss
1567 5597 1602 5608 ··
1621 5571 1653 5622 33
1671 5568 1777 5637 melin]
1797 5569 1833 5632 Μ’

196 5664 298 5709 uocatus
317 5668 373 5712 uota
390 5667 514 5719 dtrroluit
536 5665 557 5714 t
664 5664 696 5714 34
715 5665 783 5725 lugla
801 5667 884 5726 coeptt
903 5667 1000 5719 itinera
1019 5674 1039 5722 L
