4336 6262
739 338 834 396 VITA
852 340 970 398 BEATI
988 341 1176 398 nnumin.
1717 345 1773 404 101

141 533 270 616 qualem
304 531 345 597 de
379 531 462 596 sacri
496 529 593 595 lontis
627 530 821 614 baptismate
856 539 1037 617 sumpserat
1069 532 1167 596 talem
1201 529 1274 596 idus
1304 529 1502 614 Septembris
1535 549 1641 595 coram
1671 529 1780 596 multis

141 634 324 701 astantibus
346 634 475 719 populis
497 641 530 698 et
551 633 759 718 psallentium
783 634 888 701 choris
911 634 1120 719 omnipotenti
1143 633 1271 699 domino
1294 633 1435 700 animam
1460 631 1610 699 reddidit.

234 739 315 820 (146)
344 737 427 802 Dum
457 744 564 802 autem
595 742 741 801 sanctum
772 737 842 802 eius
872 738 1096 822 corpusculum
1127 735 1179 803 die
1209 737 1314 803 altera
1335 743 1517 822 portaretur
1539 734 1582 801 ad
1604 736 1774 816 tumulum,
1799 735 1914 801 XXIX

141 841 263 924 gemini
286 859 326 906 ex
349 847 439 908 utero
461 840 574 906 matris
598 858 677 904 suae
700 840 788 906 caeci
812 848 847 907 ut
868 841 972 906 sancti
994 840 1178 925 corpusculi
1200 840 1340 908 loculum
1363 846 1499 924 tangere
1522 831 1702 923 potuerunt,
1729 839 1780 904 lu·
1851 855 1856 864 ·

110 964 216 1010 emen
245 942 331 1026 quod
361 963 523 1026 nunquam
554 942 734 1008 habuerant
763 942 805 1008 ad
836 943 1033 1009 declaranda
1056 942 1200 1008 defuncti
1223 942 1377 1008 antistitis
1401 941 1516 1007 merita
1538 941 1612 1007 ilico
1635 942 1780 1027 recipcre

142 1052 337 1113 meruerunt.
369 1095 371 1098 -

233 1151 315 1232 (147)
344 1147 484 1226 Quidam
515 1148 612 1215 etiam
641 1169 660 1215 e
690 1148 815 1215 civibus
846 1149 996 1233 paralisis
1026 1149 1185 1216 distentus
1214 1147 1415 1214 incommodo
1442 1167 1499 1234 per
1522 1147 1653 1231 triginta
1675 1149 1896 1215 anuos‘XXX

142 1253 313 1318 tenebatur
340 1251 373 1316 in
403 1251 537 1333 lectulo,
572 1251 628 1335 qui
657 1271 728 1317 eum
759 1253 969 1336 psallentium
1001 1252 1131 1318 chorum
1161 1251 1345 1317 Maurilium
1376 1249 1591 1316 deferentium
1619 1248 1777 1330 audisset,

143 1375 160 1420 e
190 1353 308 1421 lectulo
335 1354 444 1420 statim
475 1353 613 1420 exiliens
641 1355 736 1438 quasi
765 1375 879 1422 oervus
907 1355 1036 1422 nemine
1067 1355 1257 1439 probibente
1288 1354 1375 1420 beati
1398 1353 1538 1421 Maurilii
1569 1352 1781 1438 pervenitad

95 1483 123 1524 ro
144 1477 276 1543 corpus,
310 1463 460 1540 tactoque
491 1466 524 1523 et
553 1458 696 1524 osculato
717 1458 805 1524 beati
829 1458 952 1524 funeris
974 1459 1092 1526 feretro
1115 1459 1285 1543 pristinam
1308 1457 1481 1523 sanitatem
1504 1455 1568 1522 lide
1591 1455 1706 1540 plenus
1729 1476 1802 1521 re»

144 1562 251 1644 cipere
273 1560 390 1627 meruit
411 1560 588 1644 extemplo.
646 1561 729 1644 (148)
756 1561 795 1627 ln
817 1561 900 1628 tanti
921 1561 1021 1644 igitur
1043 1560 1172 1628 honoris
1196 1561 1301 1645 gloria
1323 1561 1487 1644 sepultus,
1522 1558 1633 1642 quanti
1656 1560 1781 1644 qualis-

127 1657 206 1746 ‘que
236 1663 341 1728 meriti
371 1662 461 1748 apud
489 1662 653 1728 dominum
676 1663 789 1742 fuerit,
825 1665 901 1730 dum
924 1664 1093 1730 cotidianis
1116 1665 1288 1732 virtutibus
1313 1672 1345 1730 et
1366 1663 1532 1729 miraculis
1554 1662 1624 1728 eius
1647 1670 1782 1729 exornat

143 1767 320 1846 tumulum,
354 1765 502 1832 dominus
530 1765 671 1832 ostendit
692 1766 839 1832 omnibus
862 1774 936 1852 post
957 1767 1181 1852 sepulchrum,
1215 1774 1400 1852 praestante
1424 1765 1553 1832 domino
1575 1774 1684 1831 nostro
1706 1766 1781 1832 Iesu

144 1868 271 1935 Christo
301 1869 356 1951 qui
386 1889 458 1934 curn
488 1891 527 1936 eo
560 1877 592 1936 et
615 1869 729 1954 spiritu
753 1877 864 1936 sancto
887 1869 967 1937 vivit
989 1878 1021 1937 et
1043 1870 1199 1954 gloriatur
1223 1870 1303 1936 deus
1325 1890 1384 1955 per
1405 1869 1531 1934 infinita
1554 1869 1685 1935 saecula
1708 1889 1781 1934 sae-

95 1999 125 2039 rs
146 1972 301 2038 culorum.
348 1974 462 2038 Amen.

371 2687 564 2785 Passio
598 2685 929 2785 SANOTORVM
960 2685 1272 2784 lilnlinvn
1304 2687 1553 2804 DIONlSll,

614 2856 829 2955 RVSlllll
860 2857 929 2954 nl
959 2857 1308 2956 llLllVlHERll.

235 3089 275 3168 (ii
304 3085 471 3153 Gloriosus
501 3095 677 3172 martyrum
707 3087 876 3171 passiones
899 3095 931 3153 e't
953 3087 1095 3171 pretiosa
1118 3086 1247 3153 domino
1271 3094 1460 3172 expectante
1484 3087 1660 3178 certamina
1682 3108 1778 3171 quam
1802 3092 1817 3155 l

144 3190 244 3274 digna
267 3190 330 3256 sint
351 3210 410 3275 pro
432 3191 659 3256 miraculorum
682 3190 842 3274 dignitate
866 3189 1039 3271 conscribi,
1069 3197 1233 3274 nequeunt
1255 3198 1363 3256 tamen
1386 3190 1455 3255 sine
1478 3189 1658 3257 formidinis
1680 3181 1780 3276 trepi-

94 3316 124 3360 so
144 3293 276 3359 datione
306 3293 481 3377 conplecti,
516 3292 594 3377 quia
623 3313 694 3358 cum
724 3313 916 3384 magnarum
939 3312 1044 3358 rerum
1067 3294 1288 3360 consideratur
1317 3292 1510 3379 adsumptio,
1545 3315 1608 3360 non
1631 3294 1779 3360 inmerito

143 3395 343 3482 praesumpti
364 3395 471 3479 operis
493 3396 648 3480 retegitur
670 3395 878 3478 magnitudo,
912 3415 950 3462 eo
981 3395 1066 3480 quod
1095 3404 1220 3463 tautum
1251 3416 1355 3463 sermo
1385 3389 1492 3462 tenuis
1523 3396 1688 3482 explicare
1716 3416 1781 3463 non

143 3499 231 3564 valet
261 3504 416 3580 quantum
446 3496 487 3564 de
517 3517 553 3564 se
582 3498 646 3564 dici
672 3499 792 3565 veritas
816 3499 979 3584 passionis
1000 3500 1134 3584 inponit.
1188 3502 1226 3584 (2)
1254 3501 1378 3566 Tamen
1400 3499 1577 3586 propositio
1600 3507 1710 3567 tantae
1732 3500 1781 3566 rei

143 3602 280 3668 arduum
310 3601 431 3667 habere
459 3601 608 3668 videatur
636 3602 778 3684 initium,
817 3603 851 3668 in
881 3601 942 3668 hoc
972 3622 1063 3668 mens
1094 3603 1308 3688 trepidatione
1339 3603 1477 3688 fatigata
1506 3604 1659 3689 respirat,
1694 3602 1781 3687 quod

143 3724 271 3789 semper
292 3702 439 3789 opificem
463 3723 556 3769 sunm
579 3705 801 3789 magisterium
824 3696 954 3772 divinae
977 3705 1197 3772 instructionis
1219 3706 1371 3772 informat
1394 3714 1427 3772 ct
1449 3706 1638 3773 inchoantes
1653 3706 1781 3772 initium

467 3889 551 3896 ..—...

142 4002 302 4063 baptismatis
320 4007 462 4062 sumpserat
476 3999 534 4048 idus
548 3997 703 4063 Septembris
716 4000 814 4050 Christo
832 4002 952 4060 reddidit,
972 4003 1123 4050 laetantibus
1143 4003 1236 4050 sanetis
1254 4002 1350 4062 angelis
1369 4009 1395 4050 et
1413 4004 1439 4048 in
1460 4000 1550 4060 gaudia
1569 4015 1676 4063 superna
1694 4005 1775 4053 susci-

141 4088 274 4150 picntibus
292 4095 357 4136 eam.

230 4171 297 4220 3-tt
317 4171 487 4234 Mupaobodus
506 4189 529 4223 e.
549 4175 601 4225 30:
625 4172 687 4221 Cum
706 4176 784 4234 igitur
802 4174 979 4236 corpusculum
998 4180 1110 4222 sanctum
1130 4175 1300 4223 deduceretur
1317 4174 1463 4236 sepulturae
1482 4189 1543 4223 suae
1560 4175 1718 4239 uadendum,
1738 4189 1780 4226 oe-

142 4264 271 4308 currentes
292 4260 315 4306 ei
333 4259 383 4308 duo
401 4261 497 4320 gemini
516 4261 615 4324 iratres,
636 4261 707 4308 ambo
725 4261 852 4310 oculorum
871 4260 928 4309 luca
945 4261 1034 4323 orbati,
1054 4261 1150 4322 pariter
1167 4267 1229 4310 sunt
1246 4261 1385 4310 illuminati
1406 4269 1431 4309 at
1450 4261 1582 4311 confestim
1600 4268 1698 4312 sanctes
1716 4277 1779 4312 exe-

142 4345 215 4406 qnias
234 4345 289 4392 sius
308 4345 389 4395 alieno
406 4345 500 4394 ducatu
519 4361 577 4396 cum
596 4346 715 4396 laudibus
733 4349 871 4410 prosecuti.

229 4429 314 4480 7-15
334 4428 502 4492 Mapaobodus
520 4446 541 4484 a.
562 4435 613 4481 30.-
638 4432 745 4491 Qnidam
770 4447 871 4496 quoque
890 4434 962 4482 bomo
980 4445 1066 4480 xxvrn
1083 4435 1157 4483 annia
1176 4435 1310 4483 tenebatur
1328 4435 1355 4483 in
1372 4435 1467 4483 lectulo
1486 4435 1605 4494 languore
1623 4434 1778 4498 vehementi,

142 4517 187 4578 qui
204 4517 259 4579 ipsa
276 4516 336 4566 bora
354 4517 452 4568 innerla
471 4519 624 4582 venerandi,
647 4533 705 4568 mox
723 4526 753 4568 ut
771 4533 843 4568 voees
862 4520 1026 4582 psallentium
1044 4520 1157 4582 audiuit,
1180 4521 1258 4569 totius
1275 4521 1407 4568 immemor
1424 4520 1564 4570 debilitatis
1581 4521 1687 4571 exsiluit
1705 4522 1779 4583 agilis

142 4609 172 4651 ut
195 4617 283 4652 cervus
306 4609 333 4651 et
355 4617 437 4666 usque
461 4604 493 4653 ad
517 4606 638 4654 teretrum
662 4606 706 4654 ubi
731 4611 833 4656 sanctus
851 4606 1010 4654 deferebatur
1028 4608 1181 4668 perveniens
1199 4608 1329 4668 antiquam
1348 4607 1486 4662 mirabatur
1504 4621 1532 4656 se
1550 4608 1634 4655 subito
1652 4608 1779 4669 recepisse

143 4693 285 4740 sanitatem.
323 4691 377 4738 lam
399 4677 457 4740 varo
480 4704 509 4739 ao
532 4693 633 4755 sepulto
656 4693 824 4740 venembilam
847 4705 947 4755 queque
970 4693 1127 4754 pausationis
1151 4693 1222 4742 illius
1241 4694 1367 4742 tumulum
1385 4694 1468 4742 virtus
1485 4693 1571 4742 divina
1588 4695 1685 4755 magnis
1703 4695 1779 4742 mira-

143 4778 254 4825 culorum
281 4777 424 4836 insignibus
442 4776 576 4840 clarltlcat,
604 4791 660 4826 cum
679 4779 713 4826 lbi
732 4791 831 4840 qnoque
850 4779 914 4826 flant
932 4779 1040 4827 uirtutes
1058 4778 1175 4827 assiduae
1195 4779 1382 4828 attribuantur
1401 4779 1526 4828 divinitus
1543 4793 1589 4842 per
1607 4781 1697 4828 merita
1715 4781 1780 4828 sacri

143 4862 292 4911 contessoris
310 4861 402 4910 Christi
421 4867 447 4911 et
465 4864 606 4911 animarum
625 4868 652 4912 et
670 4876 798 4926 corporum
818 4865 941 4913 sanitates
960 4863 1132 4924 multimodae,
1156 4871 1186 4913 ut
1202 4865 1365 4914 benedicatur
1383 4880 1440 4914 cum
1460 4866 1537 4926 gloria
1555 4871 1580 4913 et
1597 4865 1716 4914 laudibus
1734 4879 1779 4914 uo-

143 4962 201 4997 men
221 4948 315 4996 domini
334 4949 376 4996 dai
393 4949 445 4996 vivi
463 4962 509 5011 per
527 4949 657 4998 dominum
675 4956 787 4999 nostrum
806 4951 892 5000 lesum
910 4949 1054 5010 Christum,
1079 4952 1121 4998 cui
1141 4956 1181 4999 est
1198 4952 1276 5011 gloria
1293 4965 1349 5000 eum
1367 4952 1453 5000 eodem
1473 4959 1575 5000 aeterno
1591 4957 1664 5013 patre
1682 4956 1708 4999 et
1727 4952 1779 5014 api-

142 5037 193 5084 ritu
213 5040 298 5083 saneto
316 5034 343 5082 in
361 5035 445 5083 omnia
463 5034 564 5084 saecsda
582 5037 745 5086 saeculorum.
783 5038 875 5085 Amen.

232 5292 263 5343 16
282 5306 373 5340 rassro
390 5317 425 5329 -
445 5292 474 5342 17
494 5290 668 5360 snxsman]
689 5296 782 5357 incipit
806 5295 913 5356 prefatio
937 5297 1015 5344 sancti
1039 5296 1141 5345 dionisii
1166 5309 1223 5344 cum
1248 5297 1323 5345 suetis
1346 5298 1400 5344 suls
1419 5295 1449 5354 P,
1475 5296 1590 5358 prologus
1614 5297 1641 5343 in
1661 5297 1777 5358 passione

143 5381 179 5430 εὖ
197 5381 301 5430 dionisii
323 5380 369 5440 (m
388 5377 433 5427 ω’.
454 5393 511 5429 ocr.
532 5380 593 5429 rexi.
614 5378 674 5429 odd.
690 5377 731 5441 02)
755 5382 785 5442 Q,
813 5381 872 5442 inci>
896 5383 980 5445 passio
1002 5383 1037 5430 adr
1061 5397 1090 5432 ac
1114 5384 1255 5432 beatissimi
1278 5383 1379 5431 dionisii
1403 5383 1519 5441 martyris
1544 5396 1600 5430 cum
1625 5382 1699 5430 sociis
1724 5384 1778 5433 snis

128 5462 232 5516 'rustici
251 5474 278 5514 et
296 5464 431 5514 eleutherii
449 5471 475 5513 et
494 5471 533 5513 ast
551 5466 706 5515 sollemnitas
724 5469 837 5530 ipsorum
856 5480 903 5515 un.
926 5451 951 5516 id
969 5453 1026 5517 oct-b
1039 5467 1074 5529 ii,
1094 5471 1145 5517 inc.
1167 5483 1234 5531 pass.
1254 5467 1318 5516 seim
1337 5473 1411 5518 mart.
1432 5469 1535 5517 dionisii
1552 5468 1641 5516 rustici
1660 5473 1687 5517 et
1704 5468 1777 5516 sleu-

143 5554 218 5603 tberii
237 5553 267 5615 N,
285 5553 420 5614 prolopum
438 5563 487 5600 om.
503 5545 556 5598 MN
671 5551 702 5601 is
720 5553 893 5614 gloriosae-
912 5549 1058 5620 certamina]
1076 5554 1163 5614 ωηο
1281 5552 1311 5603 21
1331 5556 1489 5617 presumptio
1508 5555 1531 5602 P
1644 5550 1777 5620 retegitur]

142 5643 238 5702 scripsi,
258 5641 355 5700 regitur
373 5635 418 5694 Po
523 5635 631 5704 tantum]
650 5638 736 5698 onai)
841 5638 874 5688 22
893 5641 950 5688 duci
969 5639 1004 5686 P¹
1758 5651 1759 5654 ’
