4506 6248
869 329 1071 386 CARMINVM
1089 331 1161 386 LlB.
1181 332 1247 387 Vll.

577 517 670 584 floret
690 519 878 604 posteritas,
904 540 962 605 per
984 539 1081 602 quam
1102 541 1163 586 sua
1184 520 1300 587 crescit
1321 522 1427 606 origo,

495 640 524 681 ro
663 629 696 689 et
717 621 797 688 iacit
817 622 964 706 antiquos
987 641 1118 707 surgere
1140 624 1236 690 laude
1258 631 1377 709 patres.

576 745 652 790 nam
674 724 703 790 si
724 724 905 809 praefertur
925 726 1055 810 generis
1077 727 1132 809 qui
1155 734 1263 793 servat
1284 727 1452 810 honorem,

663 835 785 910 quanta
805 829 910 912 magis
933 830 1004 894 laus
1027 837 1077 895 est
1098 829 1268 896 nobilitare
1290 836 1415 913 genusi

577 930 631 1015 qui
654 931 742 1015 cupit
763 951 841 1014 ergo
863 950 956 997 suum
978 931 1080 1016 gestis
1102 933 1259 999 adtollere
1280 953 1414 1018 nomen,

662 1033 720 1099 ille
742 1040 833 1099 tuum
855 1034 950 1100 velox
971 1035 1232 1119 praemeditetur,
1246 1055 1338 1120 opus.

494 1153 524 1194 ιε
577 1157 720 1222 aparvo
741 1135 902 1221 incipiens
925 1137 1021 1203 existi
1044 1157 1172 1221 semper
1191 1138 1227 1203 iu
1249 1139 1349 1203 ultum

662 1260 782 1324 perque
803 1239 925 1323 gradus
947 1260 1058 1306 omnes
1080 1241 1221 1306 culmina
1242 1242 1331 1306 celsa
1352 1247 1455 1306 tenes.

576 1342 798 1408 Theudoricus
819 1363 920 1408 ovans
942 1343 1067 1409 ornavit
1088 1343 1206 1408 honore
1229 1344 1409 1412 tribunum:

663 1445 816 1529 surgendi
838 1445 1019 1530 auspicium
1041 1446 1105 1510 iem
1128 1446 1190 1513 fuit
1211 1446 1287 1512 inde
1310 1454 1409 1512 tuum.

575 1546 861 1614 'l'heudebercthus
883 1548 968 1614 enim
991 1549 1159 1615 comitivae
1181 1549 1326 1633 praemia
1349 1550 1462 1632 cessit,

492 1666 523 1708 ²⁰
662 1652 753 1716 auxit
774 1658 806 1716 et
829 1649 993 1734 obsequiis
1016 1651 1147 1734 cingula
1169 1651 1269 1734 digna
1291 1653 1368 1718 tuis.

576 1751 658 1818 vidit
680 1759 715 1817 ut
737 1753 886 1836 egregios
909 1753 1034 1818 animos
1056 1753 1190 1818 meliora
1212 1753 1345 1834 mereri,

662 1876 736 1921 mox
758 1856 860 1922 voluit
881 1856 1011 1921 meritos
1034 1856 1231 1940 amplificare
1253 1856 1387 1940 gradus.

576 1957 714 2024 instituit
735 1958 870 2042 cupiens
892 1966 928 2024 ut
950 1957 1067 2024 deiude
1090 1958 1286 2024 domesticus
1308 1977 1416 2024 esses:

663 2061 792 2126 crevisti
815 2061 939 2144 subito,
970 2061 1071 2127 crevit
1092 2068 1125 2128 et
1146 2063 1223 2127 aula
1245 2061 1351 2127 simul.

491 2179 523 2222 rs
576 2162 733 2229 florebant
754 2162 876 2248 pariter
896 2163 1081 2230 veneranda
1102 2164 1225 2248 palatia
1245 2171 1371 2247 tecum,

661 2265 839 2350 plaudebat
860 2265 954 2349 vigili
975 2265 1166 2349 dispositore
1189 2264 1315 2332 domus.

575 2367 803 2435 Theudebaldi
825 2368 922 2434 etiam
945 2387 1017 2433 curn
1039 2389 1140 2454 parva
1160 2368 1299 2434 infantia
1321 2368 1419 2451 vixit,

662 2470 758 2536 huius
779 2471 813 2536 in
835 2471 991 2536 auxilium
1014 2471 1155 2536 maxima
1177 2491 1255 2537 cura
1281 2470 1352 2537 fuit.

575 2573 702 2640 actibus
724 2573 851 2640 eximiis
874 2574 922 2639 sic
943 2574 1073 2660 publiea
1092 2574 1165 2639 iuru
1187 2574 1337 2657 fovebas,

491 2695 522 2736 ao
661 2682 698 2741 ut
717 2676 866 2742 iuvenem
889 2696 999 2760 regem
1021 2674 1174 2742 redderes
1196 2695 1269 2743 esse
1292 2695 1417 2743 senem:

573 2777 645 2865 ipse
668 2779 890 2862 gubernabas,
916 2779 1018 2844 veluti
1040 2779 1069 2844 si
1091 2786 1176 2844 tutor
1198 2779 1350 2861 adesses,

661 2881 928 2964 commissumque
949 2881 1008 2947 tibi
1030 2881 1217 2966 proficiebat
1238 2901 1329 2968 opus.

574 2983 754 3052 chlotharii
776 3002 885 3050 rursus
908 3004 1028 3068 magna
1049 2983 1231 3050 dominatus
1252 2985 1287 3049 in
1309 2985 1401 3065 aula,

659 3086 777 3170 quique
800 3085 929 3151 domum
953 3085 1051 3152 simili
1073 3086 1168 3152 iussit
1188 3107 1296 3153 amore
1319 3088 1399 3172 regi.

488 3209 520 3250 ss
573 3189 688 3255 mutati
709 3209 820 3273 reges,
846 3209 903 3254 vos
926 3209 990 3254 uon
1014 3189 1163 3255 mutastis
1186 3189 1340 3272 honores,

659 3311 888 3374 successorque
911 3299 985 3357 tuus
1007 3298 1041 3357 tu
1064 3291 1123 3356 tibi
1145 3292 1264 3375 dignus
1287 3312 1369 3358 eras.

572 3401 680 3460 tantus
702 3395 791 3460 amor
812 3394 941 3479 populi,
969 3393 1113 3459 sollertia
1134 3401 1225 3460 tanta
1247 3393 1398 3478 regendi,

658 3504 694 3564 ut
714 3498 775 3563 hoc
796 3517 891 3562 nemo
913 3498 1026 3562 volens
1049 3495 1262 3582 subripuisset
1284 3517 1376 3563 onus.

571 3601 774 3666 nuncetiam
796 3599 916 3686 placidi
938 3599 1133 3682 Sigiberothi
1155 3599 1240 3684 regis
1262 3619 1370 3666 amore

487 3724 518 3764 so
658 3710 734 3768 sunt
755 3703 832 3769 data
854 3702 993 3769 servitiis
1015 3702 1119 3768 libera
1141 3703 1226 3768 dona
1246 3703 1321 3769 tuis.

571 3806 667 3872 iussit
688 3814 721 3871 et
743 3806 1000 3890 egregiosinter
1020 3805 1162 3871 residere
1184 3811 1348 3891 potentes,

658 3909 825 3975 convivam
847 3908 987 3975 reddens
1010 3907 1196 3994 proficiente
1218 3909 1334 3992 gradu.

571 4032 628 4079 rex
650 4011 754 4096 potior
775 4012 909 4096 reliquis
931 4011 1044 4077 merito
1067 4011 1200 4076 meliora
1221 4011 1365 4097 paravit,

658 4122 691 4182 et
711 4114 798 4198 quod
819 4115 924 4180 maius
946 4115 1045 4180 habet
1066 4113 1127 4179 hoo
1148 4120 1205 4179 tua
1227 4133 1326 4179 causa
1346 4113 1448 4180 docet.

487 4239 518 4281 ss
571 4219 618 4285 sic
638 4225 713 4284 tuus
735 4217 812 4284 ordo
834 4216 896 4282 fuit
916 4235 1043 4302 semper
1064 4217 1187 4283 maiora
1208 4217 1340 4298 mereri,
1498 4295 1499 4298 Ἴ

657 4320 787 4404 vitaque
809 4341 905 4404 quam
928 4321 1035 4386 senior
1054 4327 1120 4404 tem
1142 4319 1201 4386 tibi
1224 4320 1323 4386 crevit
1344 4321 1454 4385 honor.

571 4443 654 4508 quae
676 4422 774 4490 tuerit
794 4423 915 4506 virtus,
941 4421 1041 4489 tristis
1063 4422 1205 4488 Saxonia
1227 4429 1352 4489 cantat:

657 4525 730 4592 leus
752 4533 802 4592 est
823 4546 914 4591 arma
934 4525 1016 4591 truci
1038 4546 1101 4592 non
1122 4525 1269 4592 timuisse
1292 4525 1378 4620 seni3

305 4749 394 4820 iper]
411 4767 486 4816 quern
500 4753 523 4800 A
629 4750 833 4813 sequanicos
936 4751 966 4800 13
984 4751 1102 4800 sdtollere
1114 4747 1479 4818 hemethesdoron&
1584 4753 1615 4804 16
1633 4755 1864 4826 perque]pcrg01)

238 4837 268 4886 l'l
287 4839 450 4889 theudericus
469 4834 599 4903 ACPMB]
618 4838 763 4888 teudericus
783 4836 839 4900 DG,
861 4838 1003 4886 teudericus
1021 4837 1053 4900 B,
1075 4837 1233 4885 theodericus
1253 4837 1299 4884 Μ’
1417 4837 1447 4886 18
1467 4841 1592 4899 sorgends
1609 4842 1634 4889 D
1740 4845 1771 4894 19
1789 4847 1880 4894 then„

236 4921 398 4991 debercthus]
419 4924 631 4974 theudobsrcthus
649 4920 717 4986 146²,
748 4923 962 4974 theudoberchtus
981 4923 1015 4984 ll,
1045 4922 1240 4972 theudeberctus
1258 4923 1288 4985 P,
1318 4922 1516 4974 theudeberthus
1536 4925 1571 4990 0,
1593 4929 1787 4980 teudebsrcthus
1805 4932 1861 4991 DB,

235 5011 423 5059 teutcberethus
442 5009 484 5072 0¹,
510 5010 702 5058 teodebsrchtus
720 5009 752 5070 li,
779 5010 973 5058 theodeberthus
994 5010 1020 5072 F,
1041 5009 1260 5058 theodebertusL
1388 5008 1418 5058 21
1439 5013 1550 5072 egreglus
1572 5013 1730 5082 CPBLFffl]
1747 5019 1864 5077 egregius

237 5093 359 5154 AMDO¹,
378 5095 517 5156 egregie-B
620 5107 725 5144 merses
745 5095 776 5144 P¹
797 5096 869 5158 (sorr.
890 5095 948 5156 Psi)
1058 5092 1255 5155 regressum
1368 5095 1611 5147 astronomos?
1712 5105 1775 5151 essis
1795 5102 1861 5164 CM1,

236 5194 320 5228 suess
347 5180 380 5228 ur
555 5180 587 5230 ut
605 5181 770 5231 theudebsldl
789 5178 868 5248 PLR]
894 5181 1064 5231 theudebaddl
1084 5182 1120 5242 A,
1151 5177 1294 5231 teudebsldi
1313 5179 1426 5244 MDGB,
1456 5183 1585 5232 theubaldi
1608 5185 1638 5246 0,
1668 5186 1825 5236 theodebsldl
1844 5188 1867 5235 F

235 5263 269 5315 28
287 5266 408 5315 suxlllcm
426 5266 459 5314 0¹
591 5266 625 5316 29
644 5268 698 5316 lure
716 5263 751 5333 F]
769 5281 827 5316 curs
844 5269 900 5316 rell.
1037 5267 1070 5317 30
1089 5268 1175 5315 iuusm
1198 5266 1218 5313 0
1336 5267 1452 5316 redderes
1470 5267 1604 5338 DGBLF]
1623 5272 1736 5322 redderis
1754 5272 1860 5335 AGPM,

235 5352 340 5401 reddere
358 5352 381 5399 B
485 5351 516 5402 ³1
537 5353 634 5402 edessio
655 5353 714 5401 CM!
817 5353 850 5404 33
869 5354 985 5403 clotherll
1003 5353 1038 5417 M,
1060 5354 1178 5403 hlutharii
1195 5353 1242 5400 BL
1351 5351 1492 5404 disimilis
1511 5355 1547 5403 D¹
1652 5357 1685 5407 35
1703 5359 1768 5418 regis
1785 5358 1830 5406 PR

235 5449 285 5485 uos
305 5436 340 5484 D¹
444 5437 639 5489 erminceo
744 5439 776 5489 38
795 5441 972 5502 subripuissed
990 5440 1020 5498 P,
1040 5441 1213 5503 snprlpnisset
1230 5439 1253 5486 B
1357 5438 1390 5488 39
1408 5441 1511 5502 plscldis
1531 5442 1563 5502 A,
1583 5456 1631 5490 om.
1652 5443 1699 5490 RF
1800 5445 1864 5503 sigi-

234 5523 332 5571 berethl
354 5519 554 5590 0]sygibercthl
571 5524 626 5587 ΑΡ,
647 5525 796 5584 syssibsrchti
815 5525 850 5588 Μ,
871 5526 1016 5586 elgiberchtl
1035 5527 1064 5587 R,
1086 5527 1213 5587 sigibereti
1231 5527 1264 5588 1),
1287 5526 1422 5584 sigiberthi
1445 5527 1501 5587 ΟΒ,
1521 5529 1637 5588 sigiberti
1654 5528 1684 5589 L,
1706 5529 1825 5590 sygiberti
1844 5529 1867 5576 F

235 5605 264 5656 ii
286 5608 402 5657 resedere
424 5608 528 5657 orme
631 5609 664 5658 45
684 5612 775 5660 mutere
793 5613 819 5660 D
923 5611 955 5660 st
975 5611 1120 5660 csnuutt'

1600 5713 1656 5765 22*
