4456 6202
967 375 1136 432 VENANTI
1154 374 1375 432 FORTVNATI

760 852 896 953 VITA
928 853 1178 954 sauctus
1209 849 1577 952 RADEGVNDIS.

318 1091 335 1156 I
447 1093 486 1176 (1)
514 1086 736 1173 Redemptorie
765 1086 866 1152 nostri
894 1091 1018 1153 tanturn
1048 1085 1140 1152 dives
1170 1091 1220 1151 eet
1246 1083 1397 1167 largitas,
1431 1090 1467 1150 ut
1496 1083 1531 1149 in
1559 1103 1639 1150 seru
1667 1081 1818 1149 muliebri
1847 1083 1989 1148 celebret

356 1195 455 1262 fortes
484 1177 636 1262 uictorias
659 1198 691 1258 et
712 1210 843 1276 corpore
866 1189 1050 1274 fragiliores
1071 1190 1162 1275 ipsas
1185 1188 1301 1255 reddat
1322 1187 1460 1255 feminas
1482 1188 1601 1256 virtute
1623 1187 1741 1252 mentis
1761 1185 1892 1252 inclitae
1915 1187 1988 1269 glo-

355 1299 469 1364 riosas.
516 1297 604 1377 Quae
633 1295 791 1362 habentes
820 1293 983 1360 nascendo
1012 1293 1181 1360 mollitiem
1210 1292 1289 1359 facit
1311 1292 1457 1359 Christus
1486 1293 1633 1358 robustas
1662 1312 1704 1358 ex
1730 1289 1810 1372 tide,
1843 1296 1880 1357 ut
1901 1309 1986 1374 quae

355 1401 505 1468 videntur
526 1398 705 1482 inbecilles,
732 1399 808 1464 dum
832 1405 1023 1466 coronantur
1045 1417 1087 1464 ex
1109 1396 1241 1479 meritis,
1268 1417 1289 1462 e
1311 1417 1375 1486 quo
1398 1395 1582 1463 efficiuntur
1603 1394 1733 1462 laudem
1755 1394 1807 1462 sui
1822 1395 1988 1461 cumulent
2007 1410 2020 1451 ⁵

355 1505 527 1588 creaturis,
553 1502 703 1570 habendo
725 1501 759 1567 in
781 1501 869 1568 vasis
891 1501 1044 1568 fictilibus
1065 1500 1235 1568 thesauros
1258 1500 1341 1567 caeli
1363 1499 1560 1572 reconditos:
1595 1499 1629 1566 in
1651 1518 1787 1582 querum
1807 1498 1987 1566 viscoribus

355 1630 425 1676 eum
456 1609 524 1676 suis
555 1606 677 1674 diuidis
706 1605 778 1691 ipse
805 1625 863 1672 rex
883 1605 1044 1672 habitator
1066 1611 1116 1672 eet
1137 1604 1296 1671 Christus.
1348 1601 1388 1689 (i)
1414 1603 1507 1681 Quae
1529 1602 1759 1670 mortificantes
1781 1621 1817 1668 se
1840 1602 1981 1683 saeculo,

354 1714 507 1799 despecto
538 1717 642 1778 terrae
673 1709 850 1794 consortio,
885 1708 1032 1776 defecato
1055 1708 1167 1774 mnndi
1190 1707 1354 1792 contagio,
1388 1728 1452 1774 non
1474 1707 1671 1774 confidentes
1692 1706 1727 1772 in
1749 1705 1888 1786 lubrico,
1921 1725 1987 1770 non

354 1822 475 1883 stantes
497 1815 531 1882 in
553 1816 667 1900 lapsu,
695 1820 886 1898 quaerentes
908 1813 1017 1881 vivere
1040 1812 1112 1896 deo,
1138 1812 1180 1879 ad
1202 1812 1339 1897 gloriam
1362 1811 1576 1897 redemptoris
1599 1817 1674 1876 sunt
1695 1809 1865 1896 copulatae
1887 1829 1986 1894 para-

353 1920 435 1986 diso.
482 1919 520 1985 ln
549 1939 612 2003 quo
640 1925 692 1985 est
720 1917 841 2002 pariter
863 1938 995 1984 numero
1017 1913 1189 1988 illaleuius
1212 1916 1299 1984 vitae
1321 1915 1502 2003 praesentis
1525 1935 1652 1982 cursum
1670 1915 1751 1998 licet
1771 1920 1837 1979 mm
1860 1913 1986 1999 privato
2008 1931 2037 1972 m

353 2043 501 2090 sermone
530 2022 614 2088 ferre
643 2027 836 2106 temptamus
864 2020 899 2090 in
921 2020 1068 2107 publico,
1102 2026 1137 2087 ut
1159 2021 1253 2088 cuius
1275 2028 1325 2088 est
1347 2021 1415 2087 vita
1438 2039 1511 2087 cum
1535 2019 1661 2087 Christo
1680 2017 1839 2085 memoria
1860 2016 1986 2101 gloriae
2114 2011 2130 2026 “

350 2126 465 2194 relicta
486 2126 667 2193 celebretur
688 2124 722 2189 in
745 2123 875 2191 mundo.
915 2189 923 2200 ,
1092 2199 1094 2204 ,

296 2232 329 2297 II
443 2233 481 2315 (3]
508 2228 703 2296 Beatissimo
732 2227 831 2312 igitur
853 2228 1063 2313 Radegundis
1090 2219 1221 2294 natione
1250 2228 1390 2294 barbara
1417 2226 1458 2294 de
1479 2227 1612 2312 regione
1634 2225 1801 2310 Thoringa
1822 2245 1884 2291 avo
1906 2245 1986 2310 rege

351 2333 502 2416 Bessino,
537 2339 651 2420 patruo
678 2332 926 2415 Hermenfrcdo‚
961 2339 1052 2418 patre
1081 2351 1158 2416 rege
1188 2332 1409 2418 Bertechario‚
1445 2333 1480 2398 in
1509 2338 1662 2416 qnantum
1693 2329 1831 2396 altitudo
1861 2329 1986 2396 saecmi

351 2437 457 2522 tangit
478 2437 567 2522 regio
590 2437 631 2505 de
653 2436 797 2522 germine
820 2442 901 2519 orta,
927 2436 1015 2502 celsa
1037 2436 1113 2503 lieet
1134 2436 1257 2519 origine
1280 2437 1380 2502 multo
1402 2436 1518 2502 celsior
1540 2435 1677 2502 actione.
1729 2437 1767 2518 (t)
1795 2433 1888 2512 Quae
1911 2453 1984 2500 cnm
2007 2452 2037 2493 ¹⁵

352 2540 486 2608 summis
508 2540 576 2607 suis
598 2540 785 2626 parentibus
808 2540 899 2606 brevi
921 2539 1095 2607 mansisset
1116 2546 1269 2625 tempore,
1297 2537 1490 2625 tempestate
1512 2538 1681 2606 barbarica
1695 2539 1892 2604 Francorum
1914 2536 1986 2603 vie—

350 2645 431 2711 toriu
458 2644 592 2729 regione
621 2651 763 2724 vastata
796 2643 867 2710 uice
895 2643 1099 2710 Israhelitiee
1127 2644 1196 2710 exit
1223 2650 1256 2710 et
1283 2644 1402 2728 migrat
1430 2642 1471 2710 de
1501 2643 1616 2729 patria.
1664 2643 1755 2708 Tunc
1782 2641 1867 2708 inter
1893 2640 1984 2726 ipsos

350 2727 610 2815 rieureslouius
640 2754 727 2816 esset
753 2748 786 2814 in
808 2748 931 2834 praeda
953 2748 1074 2834 regalis
1097 2749 1208 2834 puella
1229 2748 1266 2814 fit
1288 2748 1447 2816 contentio
1470 2748 1511 2818 de
1534 2747 1680 2833 captiva,
1714 2752 1748 2814 et
1768 2745 1832 2812 uisi
1854 2745 1985 2826 reddita

351 2852 477 2935 fuisset,
507 2855 668 2919 transacto
690 2852 864 2920 certamine
886 2853 920 2918 in
943 2873 979 2920 se
1001 2873 1095 2936 reges
1118 2873 1209 2920 arma
1231 2853 1419 2920 movissent.
1472 2853 1511 2936 lb)
1538 2853 1629 2931 Quae
1652 2850 1786 2918 veniens
1807 2849 1842 2916 in
1864 2855 1984 2916 sortem

349 2954 509 3042 praecelsi
537 2954 625 3040 regie
648 2955 845 3040 chlotharii,
878 2957 914 3024 in
935 2956 1231 3025 Veromandensem
1262 2957 1360 3046 ducta
1380 2956 1516 3024 Adteias
1544 2955 1578 3023 in
1604 2956 1685 3022 villa
1705 2955 1797 3039 regia
1818 2953 1984 3020 nutriendi
2005 2971 2036 3013 2⁰

349 3079 449 3130 causa
477 3059 663 3126 custodibus
693 3066 744 3128 est
771 3061 937 3146 deputata.
984 3061 1075 3140 Quae
1104 3062 1215 3146 puella
1242 3062 1326 3129 inter
1354 3062 1421 3127 alia
1449 3081 1548 3146 opera
1575 3080 1658 3145 quae
1689 3059 1782 3126 sexui
1811 3057 1883 3125 eius
1906 3078 1985 3124 con-

348 3165 509 3250 gruebant
530 3163 645 3230 litteris
668 3170 720 3231 est
741 3164 885 3250 erudita,
918 3165 1103 3248 frequenter
1124 3166 1259 3249 loquens
1283 3186 1355 3232 cum
1379 3165 1541 3251 parvulis,
1576 3165 1604 3230 si
1626 3163 1786 3231 conferret
1808 3180 1878 3229 sors
1899 3168 1985 3229 tem-

348 3269 453 3356 poris,
485 3275 628 3354 martyra
656 3268 724 3334 fieri
748 3269 893 3354 cupiens.
941 3268 1111 3336 Indicabat
1133 3271 1325 3337 adolescens
1347 3270 1412 3336 ianr
1434 3276 1511 3337 tuno
1532 3269 1647 3336 merita
1668 3265 1862 3348 senectutis,
1896 3266 1984 3332 obti-

350 3392 431 3442 nens
453 3394 511 3460 pro
533 3379 624 3459 parte
648 3392 731 3456 quae
754 3373 857 3459 petiit.
909 3375 949 3459 [6)
977 3373 1123 3457 Denique
1147 3373 1223 3440 dum
1246 3380 1334 3442 esset
1354 3374 1389 3440 in
1410 3393 1490 3459 pace
1512 3373 1632 3440 florens
1655 3371 1811 3454 eeclesia,
1836 3369 1910 3456 ipsa
1933 3376 2004 3436 est,

437 3723 449 3774 i
470 3737 571 3774 ruerurr
590 3735 723 3774 rnonocus
740 3736 771 3770 ru
789 3735 852 3770 vrrs
871 3735 990 3772 erueras
1008 3736 1179 3772 nnnnovunrs
1197 3737 1297 3772 usurus
1310 3723 1340 3787 P,
1359 3737 1461 3772 rnorem
1478 3736 1613 3772 rnonoors
1632 3733 1783 3771 roarvuam
1801 3723 1846 3771 sir
1864 3737 1900 3770 ns
1918 3737 1983 3774 vrri

348 3814 411 3862 sdan
430 3825 600 3860 nunnournrs
619 3823 691 3859 rrae:
713 3810 750 3874 Μ,
771 3823 873 3858 ructum·
891 3823 955 3858 vrrs
974 3823 1093 3858 erueres
1110 3823 1283 3859 nannousnrs
1302 3824 1422 3858 nsormm
1440 3823 1478 3859 rn.
1499 3823 1592 3860 aorem
1608 3810 1637 3870 G,
1659 3821 1760 3858 rsorrrr
1778 3823 1841 3858 urus
1860 3822 1983 3859 saumas

348 3911 528 3947 uanuuvsnus
546 3910 670 3946 nnuscoro
688 3909 847 3946 sonrvrturo
864 3897 933 3945 ffis
953 3898 980 3960 (t.
1000 3911 1023 3946 e.
1042 3897 1179 3959 nxroarru)
1201 3897 1232 3958 L,
1256 3911 1358 3946 tuemur
1375 3910 1439 3947 vrrs
1458 3899 1503 3957 uda
1521 3909 1686 3955 munerans
1704 3909 1777 3944 runo.
1798 3909 1947 3946 counosrra
1965 3913 1984 3947 a

348 3998 504 4035 ronmnro
528 3997 653 4034 nurscoro
671 3984 707 4047 E,
732 3997 835 4033 rucrrrr
858 3997 990 4033 ramur-ro
1012 3996 1163 4032 uonrrunrr
1186 3997 1306 4034 nersoorr
1327 3997 1362 4032 nn
1386 3998 1449 4032 vrru
1474 3997 1593 4033 caumas
1617 3995 1789 4033 nnnsounnre
1807 3995 1928 4032 uorsus
1950 3985 1980 4046 Τ,

345 4074 479 4134 protanam
496 4086 545 4120 om.
561 4068 612 4118 GE
713 4067 869 4140 debriatus]
888 4071 943 4134 ipse
959 4071 987 4135 Τ,
1007 4074 1033 4119 in
1050 4073 1186 4132 exemploru·
1200 4085 1246 4133 per
1256 4070 1429 4134 compendium
1441 4074 1559 4134 ecrtptum
1571 4077 1622 4121 erut
1634 4072 1682 4142 χ’ρξ
1732 4137 1734 4142 ,
1783 4069 1801 4144 ‚⁵
1821 4068 1983 4138 efficiuntur]

348 4159 426 4208 fortes
443 4157 503 4206 odd.
523 4153 570 4219 12²,
597 4157 660 4205 tales
679 4158 828 4206 efficiuntur
847 4163 876 4206 nt
894 4155 936 4218 Ι),
962 4159 1060 4208 meritis
1084 4159 1185 4207 landem
1209 4160 1249 4208 sul
1274 4159 1405 4209 cumulent
1428 4160 1546 4210 creatoris
1570 4175 1584 4208 a
1607 4173 1657 4220 qno
1675 4158 1820 4206 efficiuntur
1838 4156 1916 4204 fortes
1935 4157 1982 4206 hn-

348 4245 429 4294 hendo
449 4243 470 4291 Τ
601 4243 616 4293 6
635 4239 710 4310 eceli]
728 4257 777 4293 om.
800 4243 822 4292 Τ
943 4259 1049 4308 qnorum
1070 4245 1116 4292 ΕΤ
1243 4243 1328 4313 lest]
1346 4259 1466 4307 euperem.
1488 4245 1526 4292 Ml
1653 4240 1812 4310 Sdeiecato]
1831 4242 1917 4306 ΡΜΤ,
1937 4244 1984 4292 de-

348 4335 419 4382 ilceto
438 4329 481 4395 Li,
501 4335 636 4393 spectoque
655 4327 698 4393 L²,
719 4330 832 4380 desecatc
852 4331 875 4379 E
994 4332 1117 4380 lubricum
1135 4336 1278 4381 constantes
1295 4334 1324 4381 in
1341 4333 1440 4395 lapsum
1461 4331 1483 4380 Τ
1612 4331 1642 4382 10
1661 4333 1688 4380 in
1707 4344 1814 4395 quarum
1833 4330 1865 4394 E,
1884 4331 1911 4378 in
1931 4345 1983 4394 que

348 4431 452 4468 numero
470 4422 510 4465 est
526 4418 574 4466 iste
593 4419 666 4467 culus
689 4417 710 4465 Τ
835 4423 886 4466 tam
904 4419 1002 4481 priuato
1021 4415 1146 4485 sermone]
1164 4417 1221 4481 ΡΜ,
1243 4432 1357 4468 sermone
1375 4425 1427 4468 tarn
1444 4419 1543 4480 priuato
1561 4419 1590 4480 L,
1612 4419 1720 4466 sermoni
1738 4423 1823 4466 tumen
1841 4418 1942 4479 priuato
1962 4418 1984 4466 E

350 4504 379 4558 11
399 4500 563 4570 temptemus]
582 4502 663 4567 ΡΜΤ,
685 4506 867 4567 temptauimus
885 4504 931 4552 LE
1049 4502 1160 4572 publico]
1180 4504 1236 4570 ΡΜ,
1257 4507 1389 4569 publicum
1408 4506 1479 4554 LET
1617 4503 1648 4554 12
1667 4499 1764 4570 relicto]
1782 4503 1811 4562 P,
1832 4504 1922 4554 relicto
1943 4503 1978 4567 Μ,

347 4608 398 4642 om.
415 4592 446 4654 Τ,
466 4592 545 4639 relata
562 4591 617 4639 rell.
723 4587 828 4658 mundo]
845 4605 969 4641 nxnnrcrr
987 4605 1120 4642 ruoncovs
1138 4605 1240 4641 rnorem·
1257 4607 1320 4642 urm
1339 4591 1398 4643 cdd.
1420 4593 1450 4654 Ρ,
1469 4595 1549 4642 arim
1567 4604 1701 4641 rnonoovs
1719 4604 1820 4640 tuorum
1838 4603 1982 4640 unaunmo

348 4681 465 4728 onerosi
482 4689 653 4726 muneramus
671 4677 729 4727 odd.
752 4675 791 4738 Μ,
821 4691 944 4727 nxrurorr
961 4693 1093 4728 unnrnmo
1110 4693 1212 4729 ructum
1229 4693 1293 4730 rma
1311 4693 1430 4729 seueras
1447 4692 1618 4728 mneovunrs
1637 4691 1757 4728 nsoruan
1775 4690 1859 4728 surra
1876 4691 1895 4727 Δ
1913 4691 1982 4726 roa-

350 4779 456 4816 rvrraro
473 4776 637 4814 nuscanum
655 4777 778 4813 nrrscono
796 4763 854 4814 odd.
878 4765 908 4830 Τ,
929 4779 978 4817 cm.
999 4767 1022 4815 E
1140 4765 1170 4816 13
1190 4768 1288 4829 toringa
1308 4768 1329 4816 Τ
1447 4766 1478 4816 14
1497 4763 1609 4834 beseluo]
1626 4763 1703 4829 Pur,
1724 4767 1811 4814 beatum
1830 4764 1867 4830 Μ,
1888 4765 1982 4815 hmine

349 4853 387 4902 E:
411 4853 524 4902 bisinum
543 4850 615 4912 timp.
635 4851 702 4901 Eiet.
723 4852 767 4900 Fr.
789 4852 829 4915 11,
850 4853 883 4900 12
1021 4850 1209 4921 hermenfredo]
1229 4853 1287 4918 ΡΜ,
1308 4854 1464 4904 ermenfredo
1482 4851 1514 4918 θ,
1534 4851 1686 4903 ermenfrido
1704 4852 1736 4913 L,
1755 4851 1923 4901 herminirido
1943 4853 1981 4903 E:

346 4936 527 4987 herminefredi
543 4951 620 4987 corm.
645 4938 719 4999 Vlll,
741 4941 765 5001 1,
787 4939 828 5000 ΡΤ,
850 4938 1037 4989 hermenefredl
1059 4941 1131 5002 orep.
1152 4942 1218 4990 Eiet.
1239 4942 1280 4990 Li.
1301 4942 1352 5005 111,
1375 4943 1390 4990 f
1530 4936 1697 5006 bertechario]
1714 4942 1810 5001 culpet,
1834 4939 1981 4990 berachario

346 5024 410 5088 ru,
438 5024 593 5074 caroenum
611 5022 676 5089 err,
704 5023 845 5074 occursuro
862 5025 899 5087 n,
926 5028 1053 5076 neuneu
1072 5012 1133 5077 'set
1151 5041 1227 5076 carm.
1248 5042 1306 5089 app.
1327 5030 1352 5089 a,
1373 5029 1424 5078 aa:
1449 5027 1618 5089 satagentem
1641 5028 1719 5075 ultam
1744 5025 1895 5076 camoenam
1912 5029 1981 5088 regu

346 5111 419 5173 Grec.
440 5111 505 5162 Eiet.
526 5113 568 5161 si.
592 5113 643 5177 111,
664 5114 680 5162 7
785 5113 814 5160 lu
832 5109 966 5179 quantum]
984 5115 1095 5175 quaein
1113 5119 1237 5178 qnantum
1254 5115 1286 5179 P,
1305 5128 1355 5179 quo
1374 5115 1420 5164 LE
1535 5114 1566 5166 15
1586 5115 1673 5176 regine
1691 5113 1738 5162 LE
1839 5109 1907 5179 orta]
1926 5127 1978 5166 om.

348 5198 395 5247 LE
498 5200 608 5248 multum
627 5199 675 5247 LE
778 5194 879 5265 celsior]
896 5203 937 5247 eet
954 5199 1012 5249 edel.
1034 5199 1097 5247 Ρ1Μ
1230 5200 1261 5252 16
1280 5198 1346 5269 auis]
1364 5216 1411 5252 om.
1432 5201 1487 5262 LE,
1507 5203 1561 5252 suis
1579 5201 1684 5250 summis
1706 5201 1727 5249 Τ
1826 5197 1979 5268 mansisset]

347 5297 505 5336 commanens
522 5286 569 5334 LE
670 5286 813 5336 mancorum
831 5282 949 5353 uictoria]
966 5301 991 5335 u.
1013 5286 1146 5336 Fortunati
1164 5303 1240 5339 eumn.
1262 5304 1319 5350 epp.
1340 5290 1364 5350 Ι,
1384 5288 1414 5338 de
1432 5287 1525 5338 accidie
1545 5289 1692 5349 Thorimpiue
1709 5293 1732 5336 et
1752 5287 1826 5347 orep.
1847 5287 1913 5335 Eiet.
1936 5288 1979 5337 fi.

346 5372 401 5435 111,
421 5375 436 5421 7
555 5371 587 5424 18
604 5368 725 5439 uictores]
745 5371 923 5422 theudomeum
940 5375 963 5421 et
984 5371 1205 5436 chlothacharium,
1225 5390 1250 5424 u.
1271 5372 1344 5436 (frop.
1366 5377 1384 5425 l.
1404 5376 1423 5426 t.
1544 5373 1575 5424 te
1592 5369 1697 5441 fuisset]
1715 5375 1754 5422 bis
1773 5390 1787 5422 a
1803 5373 1897 5436 quibus
1916 5375 1981 5424 enb-

345 5458 395 5507 late
412 5463 451 5507 eat
468 5458 527 5509 odd.
547 5459 575 5507 il
676 5464 801 5510 transacta
820 5457 852 5506 1³¹
957 5464 1023 5508 sorte
1042 5458 1072 5506 Μ
1172 5461 1205 5512 20
1224 5458 1357 5529 praecelsi]
1374 5475 1423 5512 cm.
1441 5461 1462 5510 Τ
1536 5493 1539 5508 .
1564 5461 1678 5511 clotharii
1697 5457 1797 5520 1³²th
1818 5461 1914 5509 clotarii
1933 5461 1978 5523 Pl,

346 5546 479 5594 cholodarli
498 5545 527 5608 E,
549 5546 583 5608 es.
604 5561 681 5609 mtpra
697 5561 724 5609 p.
745 5549 788 5608 16,
808 5547 825 5597 t.
848 5547 881 5595 at
1021 5549 1115 5608 ateglas
1137 5549 1173 5595 Τ.·
1192 5565 1216 5598 υ.
1238 5549 1366 5611 Lougeon,
1391 5548 1543 5611 Geoprophie
1558 5563 1585 5610 p.
1605 5551 1655 5599 110
1807 5544 1837 5596 rt
1859 5559 1926 5610 quae
1943 5573 1980 5584 --

347 5629 380 5682 22
401 5627 510 5697 eruditu]
528 5635 612 5695 puella
630 5639 688 5682 nate
699 5634 824 5682 laboribus
836 5647 901 5696 quae
914 5633 1070 5682 conueniunt
1081 5637 1154 5682 sexui
1167 5636 1233 5684 luter
1245 5648 1320 5698 opera
1332 5636 1428 5699 reliqua
1440 5637 1468 5684 tlt
1478 5637 1592 5685 barbaris
1603 5635 1714 5683 litterate
1725 5633 1771 5681 LE
1874 5631 1907 5681 22
1927 5635 1979 5681 fre-

347 5715 467 5786 quenter]
485 5731 534 5767 cru.
555 5719 576 5767 G
