<?xml version="1.0" encoding="UTF-8"?>
<!DOCTYPE html PUBLIC "-//W3C//DTD XHTML 1.0 Transitional//EN"
    "http://www.w3.org/TR/xhtml1/DTD/xhtml1-transitional.dtd">
<html xmlns="http://www.w3.org/1999/xhtml" xml:lang="en" lang="en">
 <head>
  <title>
</title>
<meta http-equiv="Content-Type" content="text/html;charset=utf-8" />
  <meta name='ocr-system' content='tesseract 3.04.00' />
  <meta name='ocr-capabilities' content='ocr_page ocr_carea ocr_par ocr_line ocrx_word'/>
</head>
<body>
  <div class='ocr_page' id='page_1' title='image "./monumentagerman00mittgoog_0399.png"; bbox 0 0 4478 6188; ppageno 0'>
   <div class='ocr_carea' id='block_1_1' title="bbox 1021 314 1431 374">
    <p class='ocr_par' dir='ltr' id='par_1_1' title="bbox 1021 314 1431 374">
     <span class='ocr_line' id='line_1_1' title="bbox 1021 314 1431 374; baseline -0.01 0"><span class='ocrx_word' id='word_1_1' title='bbox 1021 315 1190 374; x_wconf 80' lang='lat' dir='ltr'>VENANTI</span> <span class='ocrx_word' id='word_1_2' title='bbox 1209 314 1431 372; x_wconf 81' lang='lat' dir='ltr'>FORTVNATI</span> 
     </span>
    </p>
   </div>
   <div class='ocr_carea' id='block_1_2' title="bbox 645 506 1767 3898">
    <p class='ocr_par' dir='ltr' id='par_1_2' title="bbox 645 506 1729 3073">
     <span class='ocr_line' id='line_1_2' title="bbox 645 506 1569 592; baseline 0.005 -26"><span class='ocrx_word' id='word_1_3' title='bbox 645 527 694 566; x_wconf 81' lang='grc' dir='ltr'>ιιι</span> <span class='ocrx_word' id='word_1_4' title='bbox 753 507 846 592; x_wconf 76' lang='lat' dir='ltr'>‘quis</span> <span class='ocrx_word' id='word_1_5' title='bbox 865 506 941 572; x_wconf 87' lang='lat' dir='ltr'>foris</span> <span class='ocrx_word' id='word_1_6' title='bbox 964 507 1102 572; x_wconf 86' lang='lat' dir='ltr'>incestat</span> <span class='ocrx_word' id='word_1_7' title='bbox 1124 507 1229 572; x_wconf 90' lang='lat' dir='ltr'>nudus</span> <span class='ocrx_word' id='word_1_8' title='bbox 1252 507 1437 573; x_wconf 87' lang='lat' dir='ltr'>habitacula</span> <span class='ocrx_word' id='word_1_9' title='bbox 1459 513 1569 572; x_wconf 90' lang='lat' dir='ltr'>nostra</span> 
     </span>
     <span class='ocr_line' id='line_1_3' title="bbox 749 610 1615 695; baseline -0.002 -20"><span class='ocrx_word' id='word_1_10' title='bbox 749 630 878 695; x_wconf 87' lang='lat' dir='ltr'>corpore</span> <span class='ocrx_word' id='word_1_11' title='bbox 901 610 1042 693; x_wconf 88' lang='lat' dir='ltr'>detecto,</span> <span class='ocrx_word' id='word_1_12' title='bbox 1070 631 1150 695; x_wconf 92' lang='lat' dir='ltr'>puro</span> <span class='ocrx_word' id='word_1_13' title='bbox 1172 631 1258 693; x_wconf 88' lang='lat' dir='ltr'>genu</span> <span class='ocrx_word' id='word_1_14' title='bbox 1283 618 1314 676; x_wconf 91' lang='lat' dir='ltr'>et</span> <span class='ocrx_word' id='word_1_15' title='bbox 1336 611 1469 694; x_wconf 89' lang='lat' dir='ltr'>inguine</span> <span class='ocrx_word' id='word_1_16' title='bbox 1492 610 1615 675; x_wconf 80' lang='lat' dir='ltr'>nudo&#39;i</span> 
     </span>
     <span class='ocr_line' id='line_1_4' title="bbox 749 712 1729 798; baseline -0.003 -20"><span class='ocrx_word' id='word_1_17' title='bbox 749 712 826 795; x_wconf 88' lang='lat' dir='ltr'>quid</span> <span class='ocrx_word' id='word_1_18' title='bbox 849 713 910 778; x_wconf 87' lang='lat' dir='ltr'>fuit</span> <span class='ocrx_word' id='word_1_19' title='bbox 931 713 1015 779; x_wconf 80' lang='lat' dir='ltr'>hoel</span> <span class='ocrx_word' id='word_1_20' title='bbox 1037 714 1139 796; x_wconf 93' lang='lat' dir='ltr'>docti,</span> <span class='ocrx_word' id='word_1_21' title='bbox 1165 734 1222 779; x_wconf 90' lang='lat' dir='ltr'>vos</span> <span class='ocrx_word' id='word_1_22' title='bbox 1245 713 1359 795; x_wconf 88' lang='lat' dir='ltr'>dicite,</span> <span class='ocrx_word' id='word_1_23' title='bbox 1386 734 1522 797; x_wconf 86' lang='lat' dir='ltr'>quaeso,</span> <span class='ocrx_word' id='word_1_24' title='bbox 1549 712 1729 798; x_wconf 76' lang='lat' dir='ltr'><strong>sophistae:</strong></span> 
     </span>
     <span class='ocr_line' id='line_1_5' title="bbox 748 817 1583 902; baseline 0 -20"><span class='ocrx_word' id='word_1_25' title='bbox 748 817 877 884; x_wconf 91' lang='lat' dir='ltr'>Martini</span> <span class='ocrx_word' id='word_1_26' title='bbox 900 823 974 883; x_wconf 86' lang='lat' dir='ltr'>ante</span> <span class='ocrx_word' id='word_1_27' title='bbox 997 818 1107 883; x_wconf 91' lang='lat' dir='ltr'>oculos</span> <span class='ocrx_word' id='word_1_28' title='bbox 1129 818 1236 902; x_wconf 85' lang='lat' dir='ltr'>paries</span> <span class='ocrx_word' id='word_1_29' title='bbox 1258 818 1352 901; x_wconf 82' lang='lat' dir='ltr'><strong>quasi</strong></span> <span class='ocrx_word' id='word_1_30' title='bbox 1373 818 1476 884; x_wconf 88' lang='lat' dir='ltr'>lintea</span> <span class='ocrx_word' id='word_1_31' title='bbox 1497 819 1583 883; x_wconf 90' lang='lat' dir='ltr'>lucet</span> 
     </span>
     <span class='ocr_line' id='line_1_6' title="bbox 749 921 1538 1005; baseline -0.001 -19"><span class='ocrx_word' id='word_1_32' title='bbox 749 928 805 986; x_wconf 88' lang='lat' dir='ltr'>aut</span> <span class='ocrx_word' id='word_1_33' title='bbox 827 940 909 1003; x_wconf 87' lang='lat' dir='ltr'>quas</span> <span class='ocrx_word' id='word_1_34' title='bbox 932 921 986 986; x_wconf 90' lang='lat' dir='ltr'>iilo</span> <span class='ocrx_word' id='word_1_35' title='bbox 1010 921 1108 1005; x_wconf 89' lang='lat' dir='ltr'>agilis</span> <span class='ocrx_word' id='word_1_36' title='bbox 1132 922 1273 987; x_wconf 80' lang='lat' dir='ltr'>contexit</span> <span class='ocrx_word' id='word_1_37' title='bbox 1296 942 1416 987; x_wconf 85' lang='lat' dir='ltr'>aranea</span> <span class='ocrx_word' id='word_1_38' title='bbox 1437 921 1538 1000; x_wconf 85' lang='lat' dir='ltr'>teias,</span> 
     </span>
     <span class='ocr_line' id='line_1_7' title="bbox 750 1023 1472 1110; baseline 0.001 -23"><span class='ocrx_word' id='word_1_39' title='bbox 750 1023 832 1088; x_wconf 86' lang='lat' dir='ltr'>retia</span> <span class='ocrx_word' id='word_1_40' title='bbox 853 1023 905 1090; x_wconf 85' lang='lat' dir='ltr'>vel</span> <span class='ocrx_word' id='word_1_41' title='bbox 928 1023 1021 1089; x_wconf 79' lang='lat' dir='ltr'>nexis</span> <span class='ocrx_word' id='word_1_42' title='bbox 1044 1044 1102 1110; x_wconf 89' lang='lat' dir='ltr'>per</span> <span class='ocrx_word' id='word_1_43' title='bbox 1122 1045 1196 1089; x_wconf 86' lang='lat' dir='ltr'>rara</span> <span class='ocrx_word' id='word_1_44' title='bbox 1218 1024 1376 1090; x_wconf 82' lang='lat' dir='ltr'>foramina</span> <span class='ocrx_word' id='word_1_45' title='bbox 1398 1024 1472 1089; x_wconf 89' lang='lat' dir='ltr'>fiiis.</span> 
     </span>
     <span class='ocr_line' id='line_1_8' title="bbox 750 1126 1621 1213; baseline -0.001 -21"><span class='ocrx_word' id='word_1_46' title='bbox 750 1126 835 1193; x_wconf 88' lang='lat' dir='ltr'>unde</span> <span class='ocrx_word' id='word_1_47' title='bbox 857 1127 909 1193; x_wconf 92' lang='lat' dir='ltr'>bic</span> <span class='ocrx_word' id='word_1_48' title='bbox 932 1135 998 1193; x_wconf 87' lang='lat' dir='ltr'>tam</span> <span class='ocrx_word' id='word_1_49' title='bbox 1021 1128 1127 1193; x_wconf 80' lang='lat' dir='ltr'>tensus</span> <span class='ocrx_word' id='word_1_50' title='bbox 1151 1134 1309 1193; x_wconf 80' lang='lat' dir='ltr'><strong>structura</strong></span> <span class='ocrx_word' id='word_1_51' title='bbox 1332 1129 1470 1213; x_wconf 87' lang='lat' dir='ltr'>patescit</span> <span class='ocrx_word' id='word_1_52' title='bbox 1492 1128 1621 1194; x_wconf 74' lang='lat' dir='ltr'>hiulcat</span> 
     </span>
     <span class='ocr_line' id='line_1_9' title="bbox 749 1230 1667 1297; baseline -0.001 -1"><span class='ocrx_word' id='word_1_53' title='bbox 749 1251 791 1296; x_wconf 88' lang='lat' dir='ltr'>an</span> <span class='ocrx_word' id='word_1_54' title='bbox 814 1250 849 1296; x_wconf 90' lang='lat' dir='ltr'>se</span> <span class='ocrx_word' id='word_1_55' title='bbox 872 1251 953 1296; x_wconf 84' lang='lat' dir='ltr'>sana</span> <span class='ocrx_word' id='word_1_56' title='bbox 975 1231 1084 1296; x_wconf 88' lang='lat' dir='ltr'>levant</span> <span class='ocrx_word' id='word_1_57' title='bbox 1106 1236 1162 1295; x_wconf 89' lang='lat' dir='ltr'>aut</span> <span class='ocrx_word' id='word_1_58' title='bbox 1184 1230 1323 1297; x_wconf 90' lang='lat' dir='ltr'>reddunt</span> <span class='ocrx_word' id='word_1_59' title='bbox 1345 1231 1449 1296; x_wconf 87' lang='lat' dir='ltr'>scissa</span> <span class='ocrx_word' id='word_1_60' title='bbox 1471 1231 1667 1297; x_wconf 75' lang='lat' dir='ltr'>fenestram?</span> 
     </span>
     <span class='ocr_line' id='line_1_10' title="bbox 751 1332 1541 1419; baseline 0 -21"><span class='ocrx_word' id='word_1_61' title='bbox 751 1353 808 1399; x_wconf 89' lang='lat' dir='ltr'>seu</span> <span class='ocrx_word' id='word_1_62' title='bbox 832 1334 903 1400; x_wconf 89' lang='lat' dir='ltr'>duri</span> <span class='ocrx_word' id='word_1_63' title='bbox 926 1332 1053 1419; x_wconf 90' lang='lat' dir='ltr'>lapides</span> <span class='ocrx_word' id='word_1_64' title='bbox 1076 1333 1162 1399; x_wconf 89' lang='lat' dir='ltr'>lento</span> <span class='ocrx_word' id='word_1_65' title='bbox 1185 1353 1221 1400; x_wconf 93' lang='lat' dir='ltr'>se</span> <span class='ocrx_word' id='word_1_66' title='bbox 1245 1333 1368 1416; x_wconf 82' lang='lat' dir='ltr'>glutine</span> <span class='ocrx_word' id='word_1_67' title='bbox 1391 1335 1541 1399; x_wconf 79' lang='lat' dir='ltr'>solvunt?</span> 
     </span>
     <span class='ocr_line' id='line_1_11' title="bbox 751 1436 1553 1521; baseline 0.002 -20"><span class='ocrx_word' id='word_1_68' title='bbox 751 1458 793 1502; x_wconf 89' lang='lat' dir='ltr'>an</span> <span class='ocrx_word' id='word_1_69' title='bbox 816 1451 894 1503; x_wconf 85' lang='lat' dir='ltr'>casa</span> <span class='ocrx_word' id='word_1_70' title='bbox 916 1437 1076 1503; x_wconf 87' lang='lat' dir='ltr'>maceriae</span> <span class='ocrx_word' id='word_1_71' title='bbox 1098 1437 1200 1502; x_wconf 88' lang='lat' dir='ltr'>vitreo</span> <span class='ocrx_word' id='word_1_72' title='bbox 1224 1457 1259 1502; x_wconf 90' lang='lat' dir='ltr'>se</span> <span class='ocrx_word' id='word_1_73' title='bbox 1282 1437 1426 1521; x_wconf 80' lang='lat' dir='ltr'>margine</span> <span class='ocrx_word' id='word_1_74' title='bbox 1449 1436 1553 1503; x_wconf 91' lang='lat' dir='ltr'>tendit</span> 
     </span>
     <span class='ocr_line' id='line_1_12' title="bbox 752 1539 1672 1626; baseline -0.001 -21"><span class='ocrx_word' id='word_1_75' title='bbox 752 1546 808 1605; x_wconf 90' lang='lat' dir='ltr'>aut</span> <span class='ocrx_word' id='word_1_76' title='bbox 830 1541 998 1626; x_wconf 83' lang='lat' dir='ltr'>speculare</span> <span class='ocrx_word' id='word_1_77' title='bbox 1022 1539 1127 1623; x_wconf 86' lang='lat' dir='ltr'>dedit,</span> <span class='ocrx_word' id='word_1_78' title='bbox 1154 1559 1217 1623; x_wconf 85' lang='lat' dir='ltr'>quo</span> <span class='ocrx_word' id='word_1_79' title='bbox 1241 1546 1370 1605; x_wconf 88' lang='lat' dir='ltr'>sanctus</span> <span class='ocrx_word' id='word_1_80' title='bbox 1393 1541 1513 1606; x_wconf 90' lang='lat' dir='ltr'>lumine</span> <span class='ocrx_word' id='word_1_81' title='bbox 1535 1541 1672 1606; x_wconf 75' lang='lat' dir='ltr'>transit?</span> 
     </span>
     <span class='ocr_line' id='line_1_13' title="bbox 752 1643 1487 1728; baseline -0.001 -20"><span class='ocrx_word' id='word_1_82' title='bbox 752 1664 794 1708; x_wconf 86' lang='lat' dir='ltr'>an</span> <span class='ocrx_word' id='word_1_83' title='bbox 815 1643 917 1710; x_wconf 89' lang='lat' dir='ltr'>levior</span> <span class='ocrx_word' id='word_1_84' title='bbox 939 1643 1046 1728; x_wconf 89' lang='lat' dir='ltr'>paries</span> <span class='ocrx_word' id='word_1_85' title='bbox 1069 1643 1213 1708; x_wconf 87' lang='lat' dir='ltr'>revoluto</span> <span class='ocrx_word' id='word_1_86' title='bbox 1237 1644 1333 1708; x_wconf 83' lang='lat' dir='ltr'>cessit</span> <span class='ocrx_word' id='word_1_87' title='bbox 1354 1644 1388 1708; x_wconf 93' lang='lat' dir='ltr'>in</span> <span class='ocrx_word' id='word_1_88' title='bbox 1411 1663 1487 1709; x_wconf 86' lang='lat' dir='ltr'>arcu</span> 
     </span>
     <span class='ocr_line' id='line_1_14' title="bbox 752 1746 1590 1831; baseline -0.002 -19"><span class='ocrx_word' id='word_1_89' title='bbox 752 1754 786 1813; x_wconf 89' lang='lat' dir='ltr'>ei</span> <span class='ocrx_word' id='word_1_90' title='bbox 807 1748 896 1813; x_wconf 89' lang='lat' dir='ltr'>stetit</span> <span class='ocrx_word' id='word_1_91' title='bbox 915 1746 1084 1813; x_wconf 89' lang='lat' dir='ltr'>incolumis</span> <span class='ocrx_word' id='word_1_92' title='bbox 1107 1746 1221 1830; x_wconf 88' lang='lat' dir='ltr'>rapido</span> <span class='ocrx_word' id='word_1_93' title='bbox 1245 1765 1422 1831; x_wconf 90' lang='lat' dir='ltr'>suspensus</span> <span class='ocrx_word' id='word_1_94' title='bbox 1445 1746 1478 1811; x_wconf 95' lang='lat' dir='ltr'>in</span> <span class='ocrx_word' id='word_1_95' title='bbox 1501 1747 1566 1812; x_wconf 94' lang='lat' dir='ltr'>ictu</span> <span class='ocrx_word' id='word_1_96' title='bbox 1575 1753 1590 1810; x_wconf 80' lang='lat' dir='ltr'>i</span> 
     </span>
     <span class='ocr_line' id='line_1_15' title="bbox 752 1850 1632 1932; baseline -0.001 -16"><span class='ocrx_word' id='word_1_97' title='bbox 752 1851 870 1917; x_wconf 89' lang='lat' dir='ltr'>nobilis</span> <span class='ocrx_word' id='word_1_98' title='bbox 893 1857 949 1916; x_wconf 87' lang='lat' dir='ltr'>aut</span> <span class='ocrx_word' id='word_1_99' title='bbox 970 1850 1058 1916; x_wconf 90' lang='lat' dir='ltr'>acies</span> <span class='ocrx_word' id='word_1_100' title='bbox 1081 1850 1243 1916; x_wconf 91' lang='lat' dir='ltr'>oculorum</span> <span class='ocrx_word' id='word_1_101' title='bbox 1267 1857 1300 1915; x_wconf 92' lang='lat' dir='ltr'>ct</span> <span class='ocrx_word' id='word_1_102' title='bbox 1320 1870 1479 1915; x_wconf 89' lang='lat' dir='ltr'>marmora</span> <span class='ocrx_word' id='word_1_103' title='bbox 1501 1850 1632 1932; x_wconf 88' lang='lat' dir='ltr'>transit,</span> 
     </span>
     <span class='ocr_line' id='line_1_16' title="bbox 754 1953 1597 2039; baseline -0.004 -20"><span class='ocrx_word' id='word_1_104' title='bbox 754 1953 869 2019; x_wconf 89' lang='lat' dir='ltr'>clarior</span> <span class='ocrx_word' id='word_1_105' title='bbox 890 1975 931 2019; x_wconf 86' lang='lat' dir='ltr'>ac</span> <span class='ocrx_word' id='word_1_106' title='bbox 952 1953 1041 2019; x_wconf 91' lang='lat' dir='ltr'>visus</span> <span class='ocrx_word' id='word_1_107' title='bbox 1063 1974 1122 2039; x_wconf 92' lang='lat' dir='ltr'>per</span> <span class='ocrx_word' id='word_1_108' title='bbox 1143 1959 1258 2020; x_wconf 81' lang='lat' dir='ltr'>cuncta</span> <span class='ocrx_word' id='word_1_109' title='bbox 1280 1953 1449 2018; x_wconf 71' lang='lat' dir='ltr'>obstacula</span> <span class='ocrx_word' id='word_1_110' title='bbox 1471 1953 1597 2038; x_wconf 74' lang='lat' dir='ltr'>pergit?</span> 
     </span>
     <span class='ocr_line' id='line_1_17' title="bbox 753 2056 1570 2143; baseline -0.002 -20"><span class='ocrx_word' id='word_1_111' title='bbox 753 2058 903 2143; x_wconf 84' lang='lat' dir='ltr'>pinniger</span> <span class='ocrx_word' id='word_1_112' title='bbox 924 2077 965 2123; x_wconf 87' lang='lat' dir='ltr'>an</span> <span class='ocrx_word' id='word_1_113' title='bbox 988 2057 1091 2123; x_wconf 87' lang='lat' dir='ltr'>clausi</span> <span class='ocrx_word' id='word_1_114' title='bbox 1113 2056 1261 2122; x_wconf 85' lang='lat' dir='ltr'>volitavit</span> <span class='ocrx_word' id='word_1_115' title='bbox 1281 2057 1323 2122; x_wconf 88' lang='lat' dir='ltr'>ad</span> <span class='ocrx_word' id='word_1_116' title='bbox 1346 2077 1402 2122; x_wconf 87' lang='lat' dir='ltr'>ora</span> <span class='ocrx_word' id='word_1_117' title='bbox 1424 2056 1570 2123; x_wconf 88' lang='lat' dir='ltr'>minister</span> 
     </span>
     <span class='ocr_line' id='line_1_18' title="bbox 754 2160 1680 2246; baseline -0.001 -21"><span class='ocrx_word' id='word_1_118' title='bbox 754 2181 793 2225; x_wconf 86' lang='lat' dir='ltr'>ac</span> <span class='ocrx_word' id='word_1_119' title='bbox 815 2181 872 2245; x_wconf 90' lang='lat' dir='ltr'>per</span> <span class='ocrx_word' id='word_1_120' title='bbox 893 2167 1039 2246; x_wconf 89' lang='lat' dir='ltr'>opertum</span> <span class='ocrx_word' id='word_1_121' title='bbox 1061 2160 1165 2245; x_wconf 85' lang='lat' dir='ltr'>aperit</span> <span class='ocrx_word' id='word_1_122' title='bbox 1187 2160 1274 2225; x_wconf 91' lang='lat' dir='ltr'>etin</span> <span class='ocrx_word' id='word_1_123' title='bbox 1296 2160 1384 2225; x_wconf 85' lang='lat' dir='ltr'>invia</span> <span class='ocrx_word' id='word_1_124' title='bbox 1406 2160 1537 2226; x_wconf 90' lang='lat' dir='ltr'>nuntius</span> <span class='ocrx_word' id='word_1_125' title='bbox 1559 2160 1680 2226; x_wconf 82' lang='lat' dir='ltr'>intrati</span> 
     </span>
     <span class='ocr_line' id='line_1_19' title="bbox 754 2263 1653 2349; baseline -0.003 -19"><span class='ocrx_word' id='word_1_126' title='bbox 754 2286 795 2330; x_wconf 86' lang='lat' dir='ltr'>an</span> <span class='ocrx_word' id='word_1_127' title='bbox 819 2265 895 2349; x_wconf 87' lang='lat' dir='ltr'>quia</span> <span class='ocrx_word' id='word_1_128' title='bbox 917 2266 1025 2329; x_wconf 88' lang='lat' dir='ltr'>lurnen</span> <span class='ocrx_word' id='word_1_129' title='bbox 1048 2270 1117 2330; x_wconf 90' lang='lat' dir='ltr'>erat</span> <span class='ocrx_word' id='word_1_130' title='bbox 1138 2270 1238 2329; x_wconf 90' lang='lat' dir='ltr'>totum</span> <span class='ocrx_word' id='word_1_131' title='bbox 1262 2264 1355 2344; x_wconf 89' lang='lat' dir='ltr'>foris,</span> <span class='ocrx_word' id='word_1_132' title='bbox 1381 2264 1468 2330; x_wconf 91' lang='lat' dir='ltr'>intus</span> <span class='ocrx_word' id='word_1_133' title='bbox 1491 2263 1653 2329; x_wconf 74' lang='lat' dir='ltr'>babebat?</span> 
     </span>
     <span class='ocr_line' id='line_1_20' title="bbox 755 2366 1544 2450; baseline -0.005 -16"><span class='ocrx_word' id='word_1_134' title='bbox 755 2389 850 2434; x_wconf 89' lang='lat' dir='ltr'>carne</span> <span class='ocrx_word' id='word_1_135' title='bbox 873 2368 1005 2434; x_wconf 90' lang='lat' dir='ltr'>sedente</span> <span class='ocrx_word' id='word_1_136' title='bbox 1027 2369 1097 2434; x_wconf 93' lang='lat' dir='ltr'>loco</span> <span class='ocrx_word' id='word_1_137' title='bbox 1120 2367 1214 2433; x_wconf 88' lang='lat' dir='ltr'>velox</span> <span class='ocrx_word' id='word_1_138' title='bbox 1238 2388 1278 2432; x_wconf 87' lang='lat' dir='ltr'>an</span> <span class='ocrx_word' id='word_1_139' title='bbox 1302 2366 1434 2450; x_wconf 91' lang='lat' dir='ltr'>spiritns</span> <span class='ocrx_word' id='word_1_140' title='bbox 1456 2367 1544 2432; x_wconf 82' lang='lat' dir='ltr'>ibatl</span> 
     </span>
     <span class='ocr_line' id='line_1_21' title="bbox 755 2470 1662 2556; baseline -0.001 -21"><span class='ocrx_word' id='word_1_141' title='bbox 755 2470 905 2556; x_wconf 84' lang='lat' dir='ltr'>pandite,</span> <span class='ocrx_word' id='word_1_142' title='bbox 933 2471 1123 2554; x_wconf 78' lang='lat' dir='ltr'>doctiloqui,</span> <span class='ocrx_word' id='word_1_143' title='bbox 1150 2470 1357 2556; x_wconf 87' lang='lat' dir='ltr'>oonprendite</span> <span class='ocrx_word' id='word_1_144' title='bbox 1380 2471 1507 2546; x_wconf 84' lang='lat' dir='ltr'>clausa,</span> <span class='ocrx_word' id='word_1_145' title='bbox 1534 2470 1662 2537; x_wconf 86' lang='lat' dir='ltr'>diserti!</span> 
     </span>
     <span class='ocr_line' id='line_1_22' title="bbox 755 2573 1633 2658; baseline 0 -20"><span class='ocrx_word' id='word_1_146' title='bbox 755 2573 833 2656; x_wconf 89' lang='lat' dir='ltr'>quid</span> <span class='ocrx_word' id='word_1_147' title='bbox 854 2574 1014 2655; x_wconf 89' lang='lat' dir='ltr'>numeris,</span> <span class='ocrx_word' id='word_1_148' title='bbox 1040 2573 1172 2654; x_wconf 89' lang='lat' dir='ltr'>atomis,</span> <span class='ocrx_word' id='word_1_149' title='bbox 1199 2574 1321 2640; x_wconf 87' lang='lat' dir='ltr'>ratione</span> <span class='ocrx_word' id='word_1_150' title='bbox 1345 2574 1480 2658; x_wconf 88' lang='lat' dir='ltr'>potestis</span> <span class='ocrx_word' id='word_1_151' title='bbox 1502 2582 1535 2639; x_wconf 91' lang='lat' dir='ltr'>et</span> <span class='ocrx_word' id='word_1_152' title='bbox 1556 2581 1633 2639; x_wconf 81' lang='lat' dir='ltr'>orei</span> 
     </span>
     <span class='ocr_line' id='line_1_23' title="bbox 755 2676 1700 2761; baseline -0.001 -19"><span class='ocrx_word' id='word_1_153' title='bbox 755 2676 808 2744; x_wconf 92' lang='lat' dir='ltr'>hic</span> <span class='ocrx_word' id='word_1_154' title='bbox 831 2677 913 2761; x_wconf 84' lang='lat' dir='ltr'>sugit</span> <span class='ocrx_word' id='word_1_155' title='bbox 935 2697 988 2744; x_wconf 90' lang='lat' dir='ltr'>ars</span> <span class='ocrx_word' id='word_1_156' title='bbox 1010 2679 1138 2743; x_wconf 90' lang='lat' dir='ltr'>oculos:</span> <span class='ocrx_word' id='word_1_157' title='bbox 1164 2677 1226 2742; x_wconf 90' lang='lat' dir='ltr'>nisi</span> <span class='ocrx_word' id='word_1_158' title='bbox 1250 2677 1432 2758; x_wconf 78' lang='lat' dir='ltr'>Christum,</span> <span class='ocrx_word' id='word_1_159' title='bbox 1458 2677 1549 2742; x_wconf 93' lang='lat' dir='ltr'>nulla</span> <span class='ocrx_word' id='word_1_160' title='bbox 1571 2677 1700 2743; x_wconf 92' lang='lat' dir='ltr'>videtis.</span> 
     </span>
     <span class='ocr_line' id='line_1_24' title="bbox 756 2779 1605 2864; baseline -0.001 -18"><span class='ocrx_word' id='word_1_161' title='bbox 756 2787 878 2863; x_wconf 84' lang='lat' dir='ltr'>quanta</span> <span class='ocrx_word' id='word_1_162' title='bbox 900 2779 953 2847; x_wconf 90' lang='lat' dir='ltr'>dei</span> <span class='ocrx_word' id='word_1_163' title='bbox 975 2781 1092 2863; x_wconf 91' lang='lat' dir='ltr'>virtus,</span> <span class='ocrx_word' id='word_1_164' title='bbox 1118 2781 1249 2846; x_wconf 86' lang='lat' dir='ltr'>Martini</span> <span class='ocrx_word' id='word_1_165' title='bbox 1272 2787 1321 2846; x_wconf 87' lang='lat' dir='ltr'>cst</span> <span class='ocrx_word' id='word_1_166' title='bbox 1342 2780 1448 2864; x_wconf 90' lang='lat' dir='ltr'>gratia</span> <span class='ocrx_word' id='word_1_167' title='bbox 1469 2785 1605 2864; x_wconf 87' lang='lat' dir='ltr'>quanial</span> 
     </span>
     <span class='ocr_line' id='line_1_25' title="bbox 755 2883 1721 2969; baseline 0.002 -21"><span class='ocrx_word' id='word_1_168' title='bbox 755 2883 818 2950; x_wconf 87' lang='lat' dir='ltr'>bac</span> <span class='ocrx_word' id='word_1_169' title='bbox 840 2904 902 2969; x_wconf 91' lang='lat' dir='ltr'>ope</span> <span class='ocrx_word' id='word_1_170' title='bbox 924 2883 1076 2950; x_wconf 86' lang='lat' dir='ltr'>mirificus</span> <span class='ocrx_word' id='word_1_171' title='bbox 1099 2884 1193 2949; x_wconf 84' lang='lat' dir='ltr'>borno</span> <span class='ocrx_word' id='word_1_172' title='bbox 1216 2885 1354 2969; x_wconf 89' lang='lat' dir='ltr'>complet</span> <span class='ocrx_word' id='word_1_173' title='bbox 1377 2885 1462 2966; x_wconf 90' lang='lat' dir='ltr'>quod</span> <span class='ocrx_word' id='word_1_174' title='bbox 1486 2884 1579 2950; x_wconf 90' lang='lat' dir='ltr'>bomo</span> <span class='ocrx_word' id='word_1_175' title='bbox 1601 2885 1721 2964; x_wconf 89' lang='lat' dir='ltr'>nescit,</span> 
     </span>
     <span class='ocr_line' id='line_1_26' title="bbox 757 2987 1607 3073; baseline -0.001 -19"><span class='ocrx_word' id='word_1_176' title='bbox 757 2987 899 3073; x_wconf 86' lang='lat' dir='ltr'>explicat</span> <span class='ocrx_word' id='word_1_177' title='bbox 921 3008 960 3053; x_wconf 91' lang='lat' dir='ltr'>ac</span> <span class='ocrx_word' id='word_1_178' title='bbox 982 2987 1058 3053; x_wconf 87' lang='lat' dir='ltr'>iidei</span> <span class='ocrx_word' id='word_1_179' title='bbox 1081 2987 1193 3054; x_wconf 89' lang='lat' dir='ltr'>merito</span> <span class='ocrx_word' id='word_1_180' title='bbox 1215 2987 1302 3070; x_wconf 90' lang='lat' dir='ltr'>quod</span> <span class='ocrx_word' id='word_1_181' title='bbox 1324 2995 1357 3054; x_wconf 86' lang='lat' dir='ltr'>ct</span> <span class='ocrx_word' id='word_1_182' title='bbox 1379 2988 1485 3053; x_wconf 88' lang='lat' dir='ltr'>obstat</span> <span class='ocrx_word' id='word_1_183' title='bbox 1507 2987 1607 3072; x_wconf 87' lang='lat' dir='ltr'>origo.</span> 
     </span>
    </p>

    <p class='ocr_par' dir='ltr' id='par_1_3' title="bbox 844 3089 1767 3177">
     <span class='ocr_line' id='line_1_27' title="bbox 844 3089 1767 3177; baseline 0.001 -22"><span class='ocrx_word' id='word_1_184' title='bbox 844 3089 937 3168; x_wconf 84' lang='lat' dir='ltr'>Quod</span> <span class='ocrx_word' id='word_1_185' title='bbox 958 3097 1106 3176; x_wconf 88' lang='lat' dir='ltr'>superest</span> <span class='ocrx_word' id='word_1_186' title='bbox 1127 3090 1243 3173; x_wconf 87' lang='lat' dir='ltr'>etiam,</span> <span class='ocrx_word' id='word_1_187' title='bbox 1269 3098 1462 3157; x_wconf 88' lang='lat' dir='ltr'>memoretur</span> <span class='ocrx_word' id='word_1_188' title='bbox 1484 3091 1603 3157; x_wconf 88' lang='lat' dir='ltr'>bonore</span> <span class='ocrx_word' id='word_1_189' title='bbox 1625 3093 1767 3177; x_wconf 91' lang='lat' dir='ltr'>patroni,</span> 
     </span>
    </p>

    <p class='ocr_par' dir='ltr' id='par_1_4' title="bbox 758 3192 1644 3898">
     <span class='ocr_line' id='line_1_28' title="bbox 758 3192 1627 3279; baseline -0.002 -18"><span class='ocrx_word' id='word_1_190' title='bbox 758 3193 1010 3261; x_wconf 86' lang='lat' dir='ltr'>consummanda</span> <span class='ocrx_word' id='word_1_191' title='bbox 1032 3213 1090 3258; x_wconf 93' lang='lat' dir='ltr'>suo</span> <span class='ocrx_word' id='word_1_192' title='bbox 1112 3200 1263 3279; x_wconf 85' lang='lat' dir='ltr'>properat</span> <span class='ocrx_word' id='word_1_193' title='bbox 1284 3192 1360 3278; x_wconf 87' lang='lat' dir='ltr'>quia</span> <span class='ocrx_word' id='word_1_194' title='bbox 1382 3195 1504 3278; x_wconf 87' lang='lat' dir='ltr'>pagina</span> <span class='ocrx_word' id='word_1_195' title='bbox 1527 3201 1627 3261; x_wconf 85' lang='lat' dir='ltr'>textu.</span> 
     </span>
     <span class='ocr_line' id='line_1_29' title="bbox 758 3297 1544 3383; baseline 0.001 -21"><span class='ocrx_word' id='word_1_196' title='bbox 758 3297 840 3364; x_wconf 87' lang='lat' dir='ltr'>forte</span> <span class='ocrx_word' id='word_1_197' title='bbox 862 3317 954 3363; x_wconf 87' lang='lat' dir='ltr'>sacer</span> <span class='ocrx_word' id='word_1_198' title='bbox 974 3297 1120 3364; x_wconf 88' lang='lat' dir='ltr'>residens</span> <span class='ocrx_word' id='word_1_199' title='bbox 1142 3318 1201 3383; x_wconf 89' lang='lat' dir='ltr'>per</span> <span class='ocrx_word' id='word_1_200' title='bbox 1223 3297 1303 3362; x_wconf 88' lang='lat' dir='ltr'>dura</span> <span class='ocrx_word' id='word_1_201' title='bbox 1325 3297 1442 3363; x_wconf 84' lang='lat' dir='ltr'>sedilia</span> <span class='ocrx_word' id='word_1_202' title='bbox 1464 3298 1544 3382; x_wconf 90' lang='lat' dir='ltr'>ligni</span> 
     </span>
     <span class='ocr_line' id='line_1_30' title="bbox 758 3400 1612 3487; baseline 0.001 -21"><span class='ocrx_word' id='word_1_203' title='bbox 758 3400 912 3487; x_wconf 88' lang='lat' dir='ltr'>prospicit</span> <span class='ocrx_word' id='word_1_204' title='bbox 933 3400 1007 3466; x_wconf 93' lang='lat' dir='ltr'>binc</span> <span class='ocrx_word' id='word_1_205' title='bbox 1030 3400 1137 3466; x_wconf 86' lang='lat' dir='ltr'>larvas</span> <span class='ocrx_word' id='word_1_206' title='bbox 1159 3400 1313 3486; x_wconf 87' lang='lat' dir='ltr'>pendenti</span> <span class='ocrx_word' id='word_1_207' title='bbox 1335 3421 1413 3485; x_wconf 90' lang='lat' dir='ltr'>rupe</span> <span class='ocrx_word' id='word_1_208' title='bbox 1436 3402 1612 3484; x_wconf 87' lang='lat' dir='ltr'>gemellas,</span> 
     </span>
     <span class='ocr_line' id='line_1_31' title="bbox 758 3503 1509 3589; baseline 0.001 -21"><span class='ocrx_word' id='word_1_209' title='bbox 758 3505 901 3588; x_wconf 87' lang='lat' dir='ltr'>tegmine</span> <span class='ocrx_word' id='word_1_210' title='bbox 924 3504 1082 3589; x_wconf 85' lang='lat' dir='ltr'>pullatas,</span> <span class='ocrx_word' id='word_1_211' title='bbox 1110 3503 1194 3569; x_wconf 89' lang='lat' dir='ltr'>tristi</span> <span class='ocrx_word' id='word_1_212' title='bbox 1215 3511 1335 3570; x_wconf 90' lang='lat' dir='ltr'>terrore</span> <span class='ocrx_word' id='word_1_213' title='bbox 1359 3523 1509 3586; x_wconf 88' lang='lat' dir='ltr'>sonoras,</span> 
     </span>
     <span class='ocr_line' id='line_1_32' title="bbox 758 3607 1573 3692; baseline -0.001 -19"><span class='ocrx_word' id='word_1_214' title='bbox 758 3608 872 3673; x_wconf 85' lang='lat' dir='ltr'>fraude</span> <span class='ocrx_word' id='word_1_215' title='bbox 894 3608 1093 3690; x_wconf 83' lang='lat' dir='ltr'>laborantes,</span> <span class='ocrx_word' id='word_1_216' title='bbox 1120 3607 1300 3672; x_wconf 87' lang='lat' dir='ltr'>iaculantes</span> <span class='ocrx_word' id='word_1_217' title='bbox 1323 3607 1448 3692; x_wconf 85' lang='lat' dir='ltr'>spicula</span> <span class='ocrx_word' id='word_1_218' title='bbox 1470 3607 1573 3690; x_wconf 84' lang='lat' dir='ltr'>sellis,</span> 
     </span>
     <span class='ocr_line' id='line_1_33' title="bbox 758 3710 1644 3794; baseline 0 -18"><span class='ocrx_word' id='word_1_219' title='bbox 758 3711 921 3793; x_wconf 85' lang='lat' dir='ltr'>nequitiae</span> <span class='ocrx_word' id='word_1_220' title='bbox 944 3710 1101 3792; x_wconf 85' lang='lat' dir='ltr'>artifices,</span> <span class='ocrx_word' id='word_1_221' title='bbox 1128 3710 1225 3776; x_wconf 90' lang='lat' dir='ltr'>rebus</span> <span class='ocrx_word' id='word_1_222' title='bbox 1247 3711 1361 3794; x_wconf 86' lang='lat' dir='ltr'>gravia</span> <span class='ocrx_word' id='word_1_223' title='bbox 1383 3731 1473 3776; x_wconf 86' lang='lat' dir='ltr'>arma</span> <span class='ocrx_word' id='word_1_224' title='bbox 1495 3711 1644 3776; x_wconf 79' lang='lat' dir='ltr'>sinistris</span> 
     </span>
     <span class='ocr_line' id='line_1_34' title="bbox 759 3813 1596 3898; baseline 0.001 -21"><span class='ocrx_word' id='word_1_225' title='bbox 759 3834 838 3880; x_wconf 91' lang='lat' dir='ltr'>voce</span> <span class='ocrx_word' id='word_1_226' title='bbox 860 3819 1020 3880; x_wconf 89' lang='lat' dir='ltr'>venenata</span> <span class='ocrx_word' id='word_1_227' title='bbox 1043 3813 1142 3880; x_wconf 85' lang='lat' dir='ltr'>verba</span> <span class='ocrx_word' id='word_1_228' title='bbox 1162 3814 1244 3880; x_wconf 85' lang='lat' dir='ltr'>baec</span> <span class='ocrx_word' id='word_1_229' title='bbox 1267 3815 1411 3898; x_wconf 89' lang='lat' dir='ltr'>anguina</span> <span class='ocrx_word' id='word_1_230' title='bbox 1433 3815 1596 3880; x_wconf 86' lang='lat' dir='ltr'>rotabant:</span> 
     </span>
    </p>
   </div>
   <div class='ocr_carea' id='block_1_3' title="bbox 526 4009 779 4071">
    <p class='ocr_par' dir='ltr' id='par_1_5' title="bbox 526 4009 779 4071">
     <span class='ocr_line' id='line_1_35' title="bbox 526 4009 779 4071; baseline -0.008 -12"><span class='ocrx_word' id='word_1_231' title='bbox 526 4009 623 4071; x_wconf 69' lang='lat' dir='ltr'>stupu.</span> <span class='ocrx_word' id='word_1_232' title='bbox 644 4009 706 4058; x_wconf 78' lang='lat' dir='ltr'>uras.</span> <span class='ocrx_word' id='word_1_233' title='bbox 728 4010 779 4057; x_wconf 92' lang='grc' dir='ltr'>ιιι.</span> 
     </span>
    </p>
   </div>
   <div class='ocr_carea' id='block_1_4' title="bbox 417 4144 2061 4820">
    <p class='ocr_par' dir='ltr' id='par_1_6' title="bbox 424 4144 2060 4557">
     <span class='ocr_line' id='line_1_36' title="bbox 424 4144 2059 4210; baseline 0.003 -13"><span class='ocrx_word' id='word_1_234' title='bbox 424 4150 473 4210; x_wconf 88' lang='lat' dir='ltr'>ita,</span> <span class='ocrx_word' id='word_1_235' title='bbox 500 4154 529 4196; x_wconf 92' lang='lat' dir='ltr'>ut</span> <span class='ocrx_word' id='word_1_236' title='bbox 556 4151 655 4208; x_wconf 79' lang='lat' dir='ltr'>gestum</span> <span class='ocrx_word' id='word_1_237' title='bbox 679 4153 733 4210; x_wconf 90' lang='lat' dir='ltr'>est,</span> <span class='ocrx_word' id='word_1_238' title='bbox 760 4162 774 4194; x_wconf 86' lang='lat' dir='ltr'>a</span> <span class='ocrx_word' id='word_1_239' title='bbox 797 4147 867 4195; x_wconf 86' lang='lat' dir='ltr'>nobis</span> <span class='ocrx_word' id='word_1_240' title='bbox 890 4147 969 4208; x_wconf 80' lang='lat' dir='ltr'>possit</span> <span class='ocrx_word' id='word_1_241' title='bbox 991 4147 1094 4209; x_wconf 84' lang='lat' dir='ltr'>exponi.</span> <span class='ocrx_word' id='word_1_242' title='bbox 1134 4144 1167 4207; x_wconf 79' lang='lat'>(8)</span> <span class='ocrx_word' id='word_1_243' title='bbox 1189 4146 1290 4206; x_wconf 90' lang='lat' dir='ltr'>quidam</span> <span class='ocrx_word' id='word_1_244' title='bbox 1315 4146 1467 4194; x_wconf 85' lang='lat' dir='ltr'>cirsiribus</span> <span class='ocrx_word' id='word_1_245' title='bbox 1485 4171 1518 4180; x_wconf 86' lang='lat'><em>-</em></span> <span class='ocrx_word' id='word_1_246' title='bbox 1537 4161 1594 4194; x_wconf 91' lang='lat' dir='ltr'>cum</span> <span class='ocrx_word' id='word_1_247' title='bbox 1612 4149 1643 4195; x_wconf 87' lang='lat' dir='ltr'>ad</span> <span class='ocrx_word' id='word_1_248' title='bbox 1663 4151 1813 4198; x_wconf 67' lang='lat' dir='ltr'>fornaculam</span> <span class='ocrx_word' id='word_1_249' title='bbox 1831 4151 1901 4198; x_wconf 91' lang='lat' dir='ltr'>illius</span> <span class='ocrx_word' id='word_1_250' title='bbox 1920 4155 2059 4202; x_wconf 85' lang='lat' dir='ltr'>carbonum</span> 
     </span>
     <span class='ocr_line' id='line_1_37' title="bbox 424 4231 2057 4300; baseline 0.004 -20"><span class='ocrx_word' id='word_1_251' title='bbox 424 4235 520 4297; x_wconf 88' lang='lat' dir='ltr'>copiam</span> <span class='ocrx_word' id='word_1_252' title='bbox 538 4234 704 4297; x_wconf 84' lang='lat' dir='ltr'>repperisset,</span> <span class='ocrx_word' id='word_1_253' title='bbox 731 4239 757 4281; x_wconf 89' lang='lat' dir='ltr'>et</span> <span class='ocrx_word' id='word_1_254' title='bbox 778 4233 876 4281; x_wconf 80' lang='lat' dir='ltr'>admota</span> <span class='ocrx_word' id='word_1_255' title='bbox 899 4232 948 4280; x_wconf 89' lang='lat' dir='ltr'>sibl</span> <span class='ocrx_word' id='word_1_256' title='bbox 972 4233 1060 4280; x_wconf 87' lang='lat' dir='ltr'>sellula</span> <span class='ocrx_word' id='word_1_257' title='bbox 1085 4231 1228 4280; x_wconf 74' lang='lat' dir='ltr'>divaricatis</span> <span class='ocrx_word' id='word_1_258' title='bbox 1252 4231 1359 4292; x_wconf 86' lang='lat' dir='ltr'>pedibus</span> <span class='ocrx_word' id='word_1_259' title='bbox 1382 4244 1458 4291; x_wconf 86' lang='lat' dir='ltr'>snper</span> <span class='ocrx_word' id='word_1_260' title='bbox 1481 4233 1564 4291; x_wconf 88' lang='lat' dir='ltr'>ignem</span> <span class='ocrx_word' id='word_1_261' title='bbox 1587 4233 1660 4282; x_wconf 90' lang='lat' dir='ltr'>illum</span> <span class='ocrx_word' id='word_1_262' title='bbox 1683 4235 1776 4284; x_wconf 90' lang='lat' dir='ltr'>nudato</span> <span class='ocrx_word' id='word_1_263' title='bbox 1799 4237 1905 4298; x_wconf 82' lang='lat' dir='ltr'>inguine</span> <span class='ocrx_word' id='word_1_264' title='bbox 1922 4239 2057 4300; x_wconf 83' lang='lat' dir='ltr'>resideret,</span> 
     </span>
     <span class='ocr_line' id='line_1_38' title="bbox 424 4317 2060 4384; baseline 0.003 -16"><span class='ocrx_word' id='word_1_265' title='bbox 424 4321 543 4368; x_wconf 91' lang='lat' dir='ltr'>continno</span> <span class='ocrx_word' id='word_1_266' title='bbox 563 4320 686 4368; x_wconf 83' lang='lat' dir='ltr'>Martinus</span> <span class='ocrx_word' id='word_1_267' title='bbox 704 4321 794 4368; x_wconf 81' lang='lat' dir='ltr'>iactam</span> <span class='ocrx_word' id='word_1_268' title='bbox 811 4333 880 4368; x_wconf 88' lang='lat' dir='ltr'>sacro</span> <span class='ocrx_word' id='word_1_269' title='bbox 897 4320 1003 4380; x_wconf 80' lang='lat' dir='ltr'>tegmini</span> <span class='ocrx_word' id='word_1_270' title='bbox 1022 4319 1104 4368; x_wconf 84' lang='lat' dir='ltr'>sensit</span> <span class='ocrx_word' id='word_1_271' title='bbox 1120 4318 1250 4366; x_wconf 85' lang='lat' dir='ltr'>iniuriam.</span> <span class='ocrx_word' id='word_1_272' title='bbox 1283 4317 1316 4379; x_wconf 75' lang='lat'>(9)</span> <span class='ocrx_word' id='word_1_273' title='bbox 1336 4331 1426 4377; x_wconf 82' lang='lat' dir='ltr'>magns</span> <span class='ocrx_word' id='word_1_274' title='bbox 1444 4331 1502 4366; x_wconf 87' lang='lat' dir='ltr'>voce</span> <span class='ocrx_word' id='word_1_275' title='bbox 1521 4319 1683 4382; x_wconf 69' lang='lat' dir='ltr'>proclamans,</span> <span class='ocrx_word' id='word_1_276' title='bbox 1703 4324 1769 4383; x_wconf 91' lang='lat' dir='ltr'>quis,</span> <span class='ocrx_word' id='word_1_277' title='bbox 1790 4323 1882 4384; x_wconf 89' lang='lat' dir='ltr'>lnquit,</span> <span class='ocrx_word' id='word_1_278' title='bbox 1903 4325 2000 4374; x_wconf 88' lang='lat' dir='ltr'>nudato</span> <span class='ocrx_word' id='word_1_279' title='bbox 2018 4327 2060 4373; x_wconf 87' lang='lat' dir='ltr'>ln-</span> 
     </span>
     <span class='ocr_line' id='line_1_39' title="bbox 424 4403 2060 4473; baseline 0.004 -19"><span class='ocrx_word' id='word_1_280' title='bbox 424 4408 502 4468; x_wconf 84' lang='lat' dir='ltr'>guine</span> <span class='ocrx_word' id='word_1_281' title='bbox 521 4411 632 4455; x_wconf 90' lang='lat' dir='ltr'>nostrum</span> <span class='ocrx_word' id='word_1_282' title='bbox 649 4408 758 4454; x_wconf 89' lang='lat' dir='ltr'>incestat</span> <span class='ocrx_word' id='word_1_283' title='bbox 774 4406 961 4455; x_wconf 76' lang='lat' dir='ltr'>habitaculum?</span> <span class='ocrx_word' id='word_1_284' title='bbox 990 4405 1035 4454; x_wconf 89' lang='lat' dir='ltr'>boc</span> <span class='ocrx_word' id='word_1_285' title='bbox 1053 4405 1098 4453; x_wconf 92' lang='lat' dir='ltr'>nbi</span> <span class='ocrx_word' id='word_1_286' title='bbox 1117 4405 1192 4452; x_wconf 87' lang='lat' dir='ltr'>irater</span> <span class='ocrx_word' id='word_1_287' title='bbox 1210 4403 1307 4452; x_wconf 86' lang='lat' dir='ltr'>audivit</span> <span class='ocrx_word' id='word_1_288' title='bbox 1324 4409 1351 4452; x_wconf 92' lang='lat' dir='ltr'>et</span> <span class='ocrx_word' id='word_1_289' title='bbox 1368 4418 1400 4451; x_wconf 81' lang='lat' dir='ltr'>ex</span> <span class='ocrx_word' id='word_1_290' title='bbox 1419 4405 1570 4453; x_wconf 84' lang='lat' dir='ltr'>conscientia</span> <span class='ocrx_word' id='word_1_291' title='bbox 1588 4407 1653 4468; x_wconf 88' lang='lat' dir='ltr'>quod</span> <span class='ocrx_word' id='word_1_292' title='bbox 1672 4408 1847 4471; x_wconf 85' lang='lat' dir='ltr'>increpabatur</span> <span class='ocrx_word' id='word_1_293' title='bbox 1865 4412 1975 4473; x_wconf 81' lang='lat' dir='ltr'>agnovit,</span> <span class='ocrx_word' id='word_1_294' title='bbox 1998 4425 2060 4460; x_wconf 88' lang='lat' dir='ltr'>con-</span> 
     </span>
     <span class='ocr_line' id='line_1_40' title="bbox 424 4491 1656 4557; baseline 0.002 -15"><span class='ocrx_word' id='word_1_295' title='bbox 424 4495 499 4542; x_wconf 91' lang='lat' dir='ltr'>tinuo</span> <span class='ocrx_word' id='word_1_296' title='bbox 517 4493 547 4541; x_wconf 88' lang='lat' dir='ltr'>ad</span> <span class='ocrx_word' id='word_1_297' title='bbox 566 4507 611 4542; x_wconf 89' lang='lat' dir='ltr'>nos</span> <span class='ocrx_word' id='word_1_298' title='bbox 629 4495 741 4542; x_wconf 87' lang='lat' dir='ltr'>cucurrit</span> <span class='ocrx_word' id='word_1_299' title='bbox 757 4495 888 4557; x_wconf 82' lang='lat' dir='ltr'>exanimis,</span> <span class='ocrx_word' id='word_1_300' title='bbox 909 4493 1029 4554; x_wconf 86' lang='lat' dir='ltr'>pudorem</span> <span class='ocrx_word' id='word_1_301' title='bbox 1048 4506 1123 4541; x_wconf 88' lang='lat' dir='ltr'>suum</span> <span class='ocrx_word' id='word_1_302' title='bbox 1141 4505 1191 4540; x_wconf 92' lang='lat' dir='ltr'>non</span> <span class='ocrx_word' id='word_1_303' title='bbox 1210 4493 1264 4540; x_wconf 85' lang='lat' dir='ltr'>sine</span> <span class='ocrx_word' id='word_1_304' title='bbox 1283 4491 1385 4539; x_wconf 84' lang='lat' dir='ltr'>Martini</span> <span class='ocrx_word' id='word_1_305' title='bbox 1405 4493 1499 4540; x_wconf 83' lang='lat' dir='ltr'>virtute</span> <span class='ocrx_word' id='word_1_306' title='bbox 1517 4495 1656 4544; x_wconf 79' lang='lat' dir='ltr'>confessus.</span> 
     </span>
    </p>

    <p class='ocr_par' dir='ltr' id='par_1_7' title="bbox 417 4577 2061 4820">
     <span class='ocr_line' id='line_1_41' title="bbox 495 4577 2059 4648; baseline 0.004 -21"><span class='ocrx_word' id='word_1_307' title='bbox 495 4582 535 4642; x_wconf 86' lang='grc'>15,</span> <span class='ocrx_word' id='word_1_308' title='bbox 559 4583 571 4627; x_wconf 90' lang='grc'><strong>1</strong></span> <span class='ocrx_word' id='word_1_309' title='bbox 595 4579 678 4641; x_wconf 79' lang='lat' dir='ltr'>(caput</span> <span class='ocrx_word' id='word_1_310' title='bbox 695 4582 723 4629; x_wconf 87' lang='lat' dir='ltr'>iss</span> <span class='ocrx_word' id='word_1_311' title='bbox 739 4581 760 4628; x_wconf 84' lang='lat' dir='ltr'><em>V</em></span> <span class='ocrx_word' id='word_1_312' title='bbox 774 4583 900 4640; x_wconf 75' lang='lat' dir='ltr'>omissam,</span> <span class='ocrx_word' id='word_1_313' title='bbox 921 4582 948 4628; x_wconf 87' lang='lat' dir='ltr'>iss</span> <span class='ocrx_word' id='word_1_314' title='bbox 961 4580 984 4626; x_wconf 78' lang='lat' dir='ltr'><em>F</em></span> <span class='ocrx_word' id='word_1_315' title='bbox 998 4579 1042 4627; x_wconf 81' lang='lat' dir='ltr'>sub</span> <span class='ocrx_word' id='word_1_316' title='bbox 1060 4580 1134 4643; x_wconf 76' lang='lat' dir='ltr'>{inem</span> <span class='ocrx_word' id='word_1_317' title='bbox 1154 4577 1247 4640; x_wconf 73' lang='lat' dir='ltr'>dialogi</span> <span class='ocrx_word' id='word_1_318' title='bbox 1258 4579 1382 4638; x_wconf 77' lang='lat' dir='ltr'>reiectum,</span> <span class='ocrx_word' id='word_1_319' title='bbox 1402 4593 1418 4624; x_wconf 87' lang='lat' dir='ltr'>u</span> <span class='ocrx_word' id='word_1_320' title='bbox 1431 4578 1537 4626; x_wconf 81' lang='lat' dir='ltr'>Paulino</span> <span class='ocrx_word' id='word_1_321' title='bbox 1548 4594 1600 4628; x_wconf 86' lang='lat' dir='ltr'>ssoss</span> <span class='ocrx_word' id='word_1_322' title='bbox 1612 4595 1758 4644; x_wconf 71' lang='lat' dir='ltr'>apscosum,</span> <span class='ocrx_word' id='word_1_323' title='bbox 1779 4581 1814 4642; x_wconf 75' lang='lat' dir='ltr'>cf.</span> <span class='ocrx_word' id='word_1_324' title='bbox 1830 4582 1932 4648; x_wconf 77' lang='lat' dir='ltr'>Postlla.</span> <span class='ocrx_word' id='word_1_325' title='bbox 1951 4585 1978 4644; x_wconf 73' lang='lat' dir='ltr'>V,</span> <span class='ocrx_word' id='word_1_326' title='bbox 1994 4586 2059 4647; x_wconf 76' lang='grc'><strong>856)</strong></span> 
     </span>
     <span class='ocr_line' id='line_1_42' title="bbox 417 4665 2061 4732; baseline 0.004 -18"><span class='ocrx_word' id='word_1_327' title='bbox 417 4665 537 4724; x_wconf 66' lang='lat' dir='ltr'>,Quodam</span> <span class='ocrx_word' id='word_1_328' title='bbox 556 4667 646 4715; x_wconf 86' lang='lat' dir='ltr'>itidem</span> <span class='ocrx_word' id='word_1_329' title='bbox 667 4667 718 4728; x_wconf 88' lang='lat' dir='ltr'>die,</span> <span class='ocrx_word' id='word_1_330' title='bbox 739 4665 800 4714; x_wconf 88' lang='lat' dir='ltr'>dum</span> <span class='ocrx_word' id='word_1_331' title='bbox 818 4668 844 4715; x_wconf 91' lang='lat' dir='ltr'>in</span> <span class='ocrx_word' id='word_1_332' title='bbox 863 4681 927 4729; x_wconf 89' lang='lat' dir='ltr'>area,</span> <span class='ocrx_word' id='word_1_333' title='bbox 949 4679 1014 4729; x_wconf 88' lang='lat' dir='ltr'>quae</span> <span class='ocrx_word' id='word_1_334' title='bbox 1032 4681 1109 4728; x_wconf 88' lang='lat' dir='ltr'>parva</span> <span class='ocrx_word' id='word_1_335' title='bbox 1127 4665 1258 4714; x_wconf 83' lang='lat' dir='ltr'>admodum</span> <span class='ocrx_word' id='word_1_336' title='bbox 1277 4665 1464 4713; x_wconf 84' lang='lat' dir='ltr'>tabernaculum</span> <span class='ocrx_word' id='word_1_337' title='bbox 1482 4666 1551 4714; x_wconf 89' lang='lat' dir='ltr'>illius</span> <span class='ocrx_word' id='word_1_338' title='bbox 1569 4669 1703 4729; x_wconf 80' lang='lat' dir='ltr'>ambiebat,</span> <span class='ocrx_word' id='word_1_339' title='bbox 1723 4671 1751 4717; x_wconf 93' lang='lat' dir='ltr'>in</span> <span class='ocrx_word' id='word_1_340' title='bbox 1763 4670 1806 4718; x_wconf 90' lang='lat' dir='ltr'>illo</span> <span class='ocrx_word' id='word_1_341' title='bbox 1818 4683 1870 4731; x_wconf 90' lang='lat' dir='ltr'>suo,</span> <span class='ocrx_word' id='word_1_342' title='bbox 1891 4672 1956 4732; x_wconf 89' lang='lat' dir='ltr'>quod</span> <span class='ocrx_word' id='word_1_343' title='bbox 1978 4675 2061 4721; x_wconf 83' lang='lat' dir='ltr'>nostis</span> 
     </span>
     <span class='ocr_line' id='line_1_43' title="bbox 424 4752 2060 4820; baseline 0.004 -19"><span class='ocrx_word' id='word_1_344' title='bbox 424 4766 526 4814; x_wconf 84' lang='lat' dir='ltr'>omnes,</span> <span class='ocrx_word' id='word_1_345' title='bbox 547 4754 620 4802; x_wconf 88' lang='lat' dir='ltr'>sedili</span> <span class='ocrx_word' id='word_1_346' title='bbox 637 4753 721 4814; x_wconf 84' lang='lat' dir='ltr'>ligneo</span> <span class='ocrx_word' id='word_1_347' title='bbox 738 4754 887 4815; x_wconf 85' lang='lat' dir='ltr'>resedisset,</span> <span class='ocrx_word' id='word_1_348' title='bbox 908 4753 973 4801; x_wconf 89' lang='lat' dir='ltr'>vidit</span> <span class='ocrx_word' id='word_1_349' title='bbox 989 4753 1051 4802; x_wconf 87' lang='lat' dir='ltr'>dnos</span> <span class='ocrx_word' id='word_1_350' title='bbox 1070 4753 1203 4801; x_wconf 86' lang='lat' dir='ltr'>daemones</span> <span class='ocrx_word' id='word_1_351' title='bbox 1221 4753 1249 4798; x_wconf 92' lang='lat' dir='ltr'>in</span> <span class='ocrx_word' id='word_1_352' title='bbox 1268 4752 1367 4799; x_wconf 81' lang='lat' dir='ltr'>excelsa</span> <span class='ocrx_word' id='word_1_353' title='bbox 1384 4753 1444 4813; x_wconf 87' lang='lat' dir='ltr'>illa,</span> <span class='ocrx_word' id='word_1_354' title='bbox 1466 4767 1530 4814; x_wconf 88' lang='lat' dir='ltr'>qnae</span> <span class='ocrx_word' id='word_1_355' title='bbox 1549 4755 1697 4803; x_wconf 85' lang='lat' dir='ltr'>monastario</span> <span class='ocrx_word' id='word_1_356' title='bbox 1716 4757 1895 4820; x_wconf 85' lang='lat' dir='ltr'>supereminet,</span> <span class='ocrx_word' id='word_1_357' title='bbox 1915 4770 1980 4818; x_wconf 89' lang='lat' dir='ltr'>rupe</span> <span class='ocrx_word' id='word_1_358' title='bbox 1998 4773 2060 4807; x_wconf 87' lang='lat' dir='ltr'>con-</span> 
     </span>
    </p>
   </div>
   <div class='ocr_carea' id='block_1_5' title="bbox 421 5027 2068 5702">
    <p class='ocr_par' dir='ltr' id='par_1_8' title="bbox 421 5027 2068 5702">
     <span class='ocr_line' id='line_1_44' title="bbox 495 5027 2061 5101; baseline 0.002 -21"><span class='ocrx_word' id='word_1_359' title='bbox 495 5031 544 5080; x_wconf 79' lang='lat'>497</span> <span class='ocrx_word' id='word_1_360' title='bbox 564 5027 626 5096; x_wconf 89' lang='lat' dir='ltr'>init]</span> <span class='ocrx_word' id='word_1_361' title='bbox 644 5031 678 5079; x_wconf 89' lang='lat' dir='ltr'>sit</span> <span class='ocrx_word' id='word_1_362' title='bbox 697 5030 727 5079; x_wconf 80' lang='lat' dir='ltr'><strong><em>N</em></strong></span> <span class='ocrx_word' id='word_1_363' title='bbox 828 5030 959 5092; x_wconf 83' lang='lat' dir='ltr'>sophystse</span> <span class='ocrx_word' id='word_1_364' title='bbox 979 5030 1004 5077; x_wconf 89' lang='lat' dir='ltr'><strong><em>N</em></strong></span> <span class='ocrx_word' id='word_1_365' title='bbox 1105 5028 1156 5080; x_wconf 80' lang='lat' dir='ltr'>lac</span> <span class='ocrx_word' id='word_1_366' title='bbox 1175 5044 1237 5092; x_wconf 86' lang='lat' dir='ltr'>quas</span> <span class='ocrx_word' id='word_1_367' title='bbox 1255 5031 1297 5078; x_wconf 93' lang='lat' dir='ltr'>iilo</span> <span class='ocrx_word' id='word_1_368' title='bbox 1310 5027 1372 5097; x_wconf 87' lang='grc' dir='ltr'>ΡΝ]</span> <span class='ocrx_word' id='word_1_369' title='bbox 1389 5032 1461 5092; x_wconf 85' lang='lat' dir='ltr'>qussi</span> <span class='ocrx_word' id='word_1_370' title='bbox 1479 5032 1521 5080; x_wconf 91' lang='lat' dir='ltr'>iilo</span> <span class='ocrx_word' id='word_1_371' title='bbox 1539 5031 1593 5094; x_wconf 84' lang='lat' dir='ltr'>BL,</span> <span class='ocrx_word' id='word_1_372' title='bbox 1615 5035 1714 5095; x_wconf 88' lang='lat' dir='ltr'>quasilo</span> <span class='ocrx_word' id='word_1_373' title='bbox 1729 5032 1775 5080; x_wconf 76' lang='lat' dir='ltr'>MS</span> <span class='ocrx_word' id='word_1_374' title='bbox 1876 5030 1962 5101; x_wconf 85' lang='lat' dir='ltr'>agilis]</span> <span class='ocrx_word' id='word_1_375' title='bbox 1979 5037 2061 5095; x_wconf 82' lang='lat' dir='ltr'>agiles</span> 
     </span>
     <span class='ocr_line' id='line_1_45' title="bbox 425 5114 2059 5184; baseline 0.003 -18"><span class='ocrx_word' id='word_1_376' title='bbox 425 5117 497 5169; x_wconf 86' lang='lat' dir='ltr'>codd.</span> <span class='ocrx_word' id='word_1_377' title='bbox 613 5116 662 5166; x_wconf 88' lang='grc'>503</span> <span class='ocrx_word' id='word_1_378' title='bbox 681 5118 779 5179; x_wconf 85' lang='lat' dir='ltr'>glutine</span> <span class='ocrx_word' id='word_1_379' title='bbox 799 5114 853 5184; x_wconf 83' lang='lat' dir='ltr'>PL]</span> <span class='ocrx_word' id='word_1_380' title='bbox 872 5117 980 5178; x_wconf 83' lang='lat' dir='ltr'>gluttine</span> <span class='ocrx_word' id='word_1_381' title='bbox 998 5117 1052 5165; x_wconf 81' lang='lat' dir='ltr'>scil.</span> <span class='ocrx_word' id='word_1_382' title='bbox 1169 5117 1218 5165; x_wconf 79' lang='lat'>504</span> <span class='ocrx_word' id='word_1_383' title='bbox 1237 5132 1296 5166; x_wconf 86' lang='lat' dir='ltr'>casn</span> <span class='ocrx_word' id='word_1_384' title='bbox 1316 5117 1340 5166; x_wconf 90' lang='lat' dir='ltr'><strong><em>N</em></strong></span> <span class='ocrx_word' id='word_1_385' title='bbox 1451 5118 1572 5166; x_wconf 86' lang='lat' dir='ltr'>maceriae</span> <span class='ocrx_word' id='word_1_386' title='bbox 1590 5115 1624 5184; x_wconf 81' lang='lat' dir='ltr'>L]</span> <span class='ocrx_word' id='word_1_387' title='bbox 1643 5121 1747 5168; x_wconf 85' lang='lat' dir='ltr'>macerie</span> <span class='ocrx_word' id='word_1_388' title='bbox 1766 5118 1796 5180; x_wconf 84' lang='lat' dir='ltr'>B,</span> <span class='ocrx_word' id='word_1_389' title='bbox 1817 5118 1956 5168; x_wconf 87' lang='lat' dir='ltr'>macheriae</span> <span class='ocrx_word' id='word_1_390' title='bbox 1977 5121 2059 5172; x_wconf 78' lang='lat' dir='ltr'>Nisa.</span> 
     </span>
     <span class='ocr_line' id='line_1_46' title="bbox 427 5200 2064 5266; baseline 0.002 -12"><span class='ocrx_word' id='word_1_391' title='bbox 427 5205 551 5254; x_wconf 81' lang='lat' dir='ltr'>mecherie</span> <span class='ocrx_word' id='word_1_392' title='bbox 569 5205 592 5252; x_wconf 87' lang='lat' dir='ltr'><em>P</em></span> <span class='ocrx_word' id='word_1_393' title='bbox 695 5203 825 5253; x_wconf 85' lang='lat' dir='ltr'>nidreoi&#39;</span> <span class='ocrx_word' id='word_1_394' title='bbox 940 5201 989 5251; x_wconf 88' lang='grc'>505</span> <span class='ocrx_word' id='word_1_395' title='bbox 1008 5216 1069 5264; x_wconf 89' lang='lat' dir='ltr'>qnos</span> <span class='ocrx_word' id='word_1_396' title='bbox 1088 5200 1180 5266; x_wconf 62' lang='lat' dir='ltr'>PNSss,</span> <span class='ocrx_word' id='word_1_397' title='bbox 1200 5204 1266 5266; x_wconf 93' lang='lat' dir='ltr'>quod</span> <span class='ocrx_word' id='word_1_398' title='bbox 1285 5202 1314 5253; x_wconf 69' lang='lat' dir='ltr'>Sl</span> <span class='ocrx_word' id='word_1_399' title='bbox 1434 5204 1483 5253; x_wconf 88' lang='grc'>506</span> <span class='ocrx_word' id='word_1_400' title='bbox 1501 5219 1529 5253; x_wconf 84' lang='lat' dir='ltr'>ac</span> <span class='ocrx_word' id='word_1_401' title='bbox 1548 5203 1594 5252; x_wconf 78' lang='lat' dir='ltr'>NS</span> <span class='ocrx_word' id='word_1_402' title='bbox 1697 5206 1812 5254; x_wconf 88' lang='lat' dir='ltr'>seuolnto</span> <span class='ocrx_word' id='word_1_403' title='bbox 1831 5206 1856 5254; x_wconf 94' lang='lat' dir='ltr'><strong><em>N</em></strong></span> <span class='ocrx_word' id='word_1_404' title='bbox 1960 5223 2016 5257; x_wconf 89' lang='lat' dir='ltr'>arco</span> <span class='ocrx_word' id='word_1_405' title='bbox 2036 5210 2064 5258; x_wconf 83' lang='lat' dir='ltr'>lti</span> 
     </span>
     <span class='ocr_line' id='line_1_47' title="bbox 427 5288 2063 5358; baseline 0.001 -16"><span class='ocrx_word' id='word_1_406' title='bbox 427 5292 477 5342; x_wconf 80' lang='grc'>501</span> <span class='ocrx_word' id='word_1_407' title='bbox 496 5288 639 5358; x_wconf 89' lang='lat' dir='ltr'>incolumis]</span> <span class='ocrx_word' id='word_1_408' title='bbox 657 5292 785 5340; x_wconf 85' lang='lat' dir='ltr'>incolomis</span> <span class='ocrx_word' id='word_1_409' title='bbox 804 5290 874 5341; x_wconf 83' lang='lat' dir='ltr'>codd.</span> <span class='ocrx_word' id='word_1_410' title='bbox 1011 5288 1062 5339; x_wconf 85' lang='grc'>508</span> <span class='ocrx_word' id='word_1_411' title='bbox 1080 5291 1223 5339; x_wconf 87' lang='lat' dir='ltr'>occulorum</span> <span class='ocrx_word' id='word_1_412' title='bbox 1242 5290 1265 5336; x_wconf 90' lang='lat' dir='ltr'><strong><em>N</em></strong></span> <span class='ocrx_word' id='word_1_413' title='bbox 1397 5290 1448 5340; x_wconf 87' lang='grc'>510</span> <span class='ocrx_word' id='word_1_414' title='bbox 1466 5293 1588 5353; x_wconf 82' lang='lat' dir='ltr'>penniger</span> <span class='ocrx_word' id='word_1_415' title='bbox 1606 5292 1659 5353; x_wconf 85' lang='lat' dir='ltr'>BL,</span> <span class='ocrx_word' id='word_1_416' title='bbox 1680 5291 1828 5355; x_wconf 77' lang='lat' dir='ltr'>piguiterS</span> <span class='ocrx_word' id='word_1_417' title='bbox 1963 5292 2012 5343; x_wconf 81' lang='lat' dir='ltr'>sii</span> <span class='ocrx_word' id='word_1_418' title='bbox 2034 5298 2063 5344; x_wconf 88' lang='lat' dir='ltr'>in</span> 
     </span>
     <span class='ocr_line' id='line_1_48' title="bbox 424 5374 2064 5445; baseline 0.004 -19"><span class='ocrx_word' id='word_1_419' title='bbox 424 5391 472 5426; x_wconf 79' lang='lat' dir='ltr'>orn.</span> <span class='ocrx_word' id='word_1_420' title='bbox 488 5376 579 5426; x_wconf 66' lang='grc' dir='ltr'>101118ι</span> <span class='ocrx_word' id='word_1_421' title='bbox 696 5376 746 5426; x_wconf 92' lang='grc'>512</span> <span class='ocrx_word' id='word_1_422' title='bbox 764 5382 832 5426; x_wconf 87' lang='lat' dir='ltr'>totns</span> <span class='ocrx_word' id='word_1_423' title='bbox 853 5377 881 5424; x_wconf 85' lang='grc' dir='ltr'><em>Μ</em></span> <span class='ocrx_word' id='word_1_424' title='bbox 995 5376 1044 5425; x_wconf 77' lang='lat' dir='ltr'>tit</span> <span class='ocrx_word' id='word_1_425' title='bbox 1062 5378 1171 5440; x_wconf 88' lang='lat' dir='ltr'>pandcte</span> <span class='ocrx_word' id='word_1_426' title='bbox 1190 5376 1220 5425; x_wconf 79' lang='lat'>8¹</span> <span class='ocrx_word' id='word_1_427' title='bbox 1337 5378 1500 5440; x_wconf 87' lang='lat' dir='ltr'>conprendite</span> <span class='ocrx_word' id='word_1_428' title='bbox 1519 5374 1569 5445; x_wconf 75' lang='lat'>1³²]</span> <span class='ocrx_word' id='word_1_429' title='bbox 1589 5381 1759 5441; x_wconf 89' lang='lat' dir='ltr'>comprendite</span> <span class='ocrx_word' id='word_1_430' title='bbox 1777 5377 1841 5443; x_wconf 69' lang='lat'>1182,</span> <span class='ocrx_word' id='word_1_431' title='bbox 1863 5381 2064 5444; x_wconf 84' lang='lat' dir='ltr'>conprehendite</span> 
     </span>
     <span class='ocr_line' id='line_1_49' title="bbox 425 5461 2065 5531; baseline 0.004 -19"><span class='ocrx_word' id='word_1_432' title='bbox 425 5467 479 5514; x_wconf 80' lang='lat' dir='ltr'>reti.</span> <span class='ocrx_word' id='word_1_433' title='bbox 589 5463 638 5514; x_wconf 88' lang='grc'>515</span> <span class='ocrx_word' id='word_1_434' title='bbox 656 5461 758 5531; x_wconf 87' lang='lat' dir='ltr'>atomis]</span> <span class='ocrx_word' id='word_1_435' title='bbox 776 5465 881 5513; x_wconf 88' lang='lat' dir='ltr'>athomis</span> <span class='ocrx_word' id='word_1_436' title='bbox 900 5464 971 5513; x_wconf 82' lang='lat' dir='ltr'>codd.</span> <span class='ocrx_word' id='word_1_437' title='bbox 1078 5464 1127 5514; x_wconf 88' lang='grc'>518</span> <span class='ocrx_word' id='word_1_438' title='bbox 1147 5466 1207 5514; x_wconf 87' lang='lat' dir='ltr'>baec</span> <span class='ocrx_word' id='word_1_439' title='bbox 1228 5464 1286 5526; x_wconf 79' lang='grc' dir='ltr'>ΝΜ,</span> <span class='ocrx_word' id='word_1_440' title='bbox 1307 5461 1395 5514; x_wconf 71' lang='grc' dir='ltr'>ΙιιιιῬ</span> <span class='ocrx_word' id='word_1_441' title='bbox 1498 5464 1548 5514; x_wconf 93' lang='grc'>520</span> <span class='ocrx_word' id='word_1_442' title='bbox 1567 5481 1601 5514; x_wconf 83' lang='lat' dir='ltr'>xx</span> <span class='ocrx_word' id='word_1_443' title='bbox 1617 5466 1668 5514; x_wconf 88' lang='grc' dir='ltr'>ΝΜ</span> <span class='ocrx_word' id='word_1_444' title='bbox 1771 5478 1912 5515; x_wconf 79' lang='lat' dir='ltr'>nssanrsvs</span> <span class='ocrx_word' id='word_1_445' title='bbox 1931 5481 2065 5518; x_wconf 81' lang='lat' dir='ltr'>couvsnra</span> 
     </span>
     <span class='ocr_line' id='line_1_50' title="bbox 426 5548 2068 5616; baseline 0.005 -18"><span class='ocrx_word' id='word_1_446' title='bbox 426 5564 524 5600; x_wconf 81' lang='lat' dir='ltr'>nsousr</span> <span class='ocrx_word' id='word_1_447' title='bbox 544 5550 566 5598; x_wconf 95' lang='lat' dir='ltr'><strong><em>N</em></strong></span> <span class='ocrx_word' id='word_1_448' title='bbox 686 5552 752 5613; x_wconf 91' lang='lat' dir='ltr'>quod</span> <span class='ocrx_word' id='word_1_449' title='bbox 772 5548 816 5616; x_wconf 52' lang='lat'>1¹²]</span> <span class='ocrx_word' id='word_1_450' title='bbox 836 5552 896 5613; x_wconf 89' lang='lat' dir='ltr'>quid</span> <span class='ocrx_word' id='word_1_451' title='bbox 915 5552 970 5600; x_wconf 75' lang='lat' dir='ltr'>reu.</span> <span class='ocrx_word' id='word_1_452' title='bbox 1094 5559 1246 5602; x_wconf 81' lang='lat' dir='ltr'>promeretur</span> <span class='ocrx_word' id='word_1_453' title='bbox 1264 5550 1297 5600; x_wconf 90' lang='lat' dir='ltr'>P¹</span> <span class='ocrx_word' id='word_1_454' title='bbox 1431 5551 1479 5600; x_wconf 89' lang='grc'>522</span> <span class='ocrx_word' id='word_1_455' title='bbox 1500 5553 1618 5601; x_wconf 87' lang='lat' dir='ltr'>resedens</span> <span class='ocrx_word' id='word_1_456' title='bbox 1638 5552 1684 5600; x_wconf 92' lang='lat' dir='ltr'>PN</span> <span class='ocrx_word' id='word_1_457' title='bbox 1813 5567 1862 5615; x_wconf 89' lang='lat' dir='ltr'>pur</span> <span class='ocrx_word' id='word_1_458' title='bbox 1880 5553 1906 5602; x_wconf 88' lang='lat' dir='ltr'>d.</span> <span class='ocrx_word' id='word_1_459' title='bbox 1928 5556 2022 5605; x_wconf 84' lang='lat' dir='ltr'>sedilia</span> <span class='ocrx_word' id='word_1_460' title='bbox 2044 5561 2068 5608; x_wconf 90' lang='lat' dir='ltr'><strong><em>N</em></strong></span> 
     </span>
     <span class='ocr_line' id='line_1_51' title="bbox 421 5636 1576 5702; baseline 0.002 -16"><span class='ocrx_word' id='word_1_461' title='bbox 421 5636 477 5686; x_wconf 82' lang='grc'>523</span> <span class='ocrx_word' id='word_1_462' title='bbox 495 5651 554 5700; x_wconf 88' lang='lat' dir='ltr'>repe</span> <span class='ocrx_word' id='word_1_463' title='bbox 575 5637 604 5692; x_wconf 77' lang='lat' dir='ltr'>N,</span> <span class='ocrx_word' id='word_1_464' title='bbox 626 5651 684 5700; x_wconf 85' lang='lat' dir='ltr'>sepe</span> <span class='ocrx_word' id='word_1_465' title='bbox 704 5637 732 5685; x_wconf 86' lang='lat' dir='ltr'>Ili</span> <span class='ocrx_word' id='word_1_466' title='bbox 758 5691 759 5695; x_wconf 41' lang='lat'>,</span> <span class='ocrx_word' id='word_1_467' title='bbox 837 5637 886 5687; x_wconf 79' lang='grc'>521</span> <span class='ocrx_word' id='word_1_468' title='bbox 904 5639 1008 5700; x_wconf 77' lang='lat' dir='ltr'>pullatas</span> <span class='ocrx_word' id='word_1_469' title='bbox 1028 5637 1062 5701; x_wconf 85' lang='lat' dir='ltr'>M,</span> <span class='ocrx_word' id='word_1_470' title='bbox 1083 5639 1230 5702; x_wconf 72' lang='lat' dir='ltr'>pollutasd</span> <span class='ocrx_word' id='word_1_471' title='bbox 1335 5638 1576 5688; x_wconf 70' lang='grc' dir='ltr'>5251ι1ιοιιιιιΙι1</span> 
     </span>
    </p>
   </div>
   <div class='ocr_carea' id='block_1_6' title="bbox 0 0 2262 6180">
    <p class='ocr_par' dir='ltr' id='par_1_9' title="bbox 0 0 2262 6180">
     <span class='ocr_line' id='line_1_52' title="bbox 0 0 2262 6180; baseline 0 0"><span class='ocrx_word' id='word_1_472' title='bbox 0 0 2262 6180; x_wconf 95' lang='lat' dir='ltr'> </span> 
     </span>
    </p>
   </div>
  </div>
 </body>
</html>
