4456 6202
368 337 410 400 30
975 326 1146 383 VENANTI
1164 327 1385 384 FORTVNATI

368 532 401 591 et
429 523 570 606 quinque
599 520 784 587 monasterii
814 525 917 585 rector
947 526 979 585 et
1006 519 1080 603 pius
1103 522 1197 603 pater
1219 518 1366 602 eligitur,
1400 519 1519 604 quippe
1542 520 1598 604 qui
1621 541 1679 586 suo
1702 522 1880 606 splendore·
1897 525 1939 590 ad
1962 545 1999 592 se

367 633 509 694 traxerat
538 624 740 708 dignitatem.
786 624 913 689 Interea
936 624 995 689 sub
1019 622 1166 706 magistri
1189 642 1326 688 censura
1349 624 1608 707 congregationis
1631 625 1805 712 disciplina
1828 630 1994 711 vernabat,

367 731 422 797 ubi
445 729 617 796 severitate
641 728 786 796 districta
809 726 939 792 licentia
962 725 1118 811 peccandi
1140 725 1293 811 perierat.
1345 728 1406 810 (22)
1433 728 1593 794 Fervebat
1609 750 1686 813 ergo
1700 731 1832 815 pietatis
1846 732 1995 816 intuitus,

366 834 534 900 exultabat
555 832 718 919 psallendi
741 838 923 912 concentus,
951 830 1142 896 coruscabat
1162 830 1245 896 inter
1260 829 1376 896 fratres
1393 831 1616 898 oboedientiae
1632 833 1753 917 radius,
1780 837 2000 921 praecellebat

367 945 498 1004 sanctae
528 936 677 1002 karitatis
707 941 856 1018 ornatur,
889 934 966 1017 quia
996 933 1079 999 sicut
1108 939 1178 999 erat
1207 934 1250 999 ad
1279 934 1359 1000 vitia
1387 934 1584 1002 eradieanda
1606 938 1779 1020 sollicitus,
1813 939 1860 1005 ita
1882 940 1925 1006 ad
1946 941 2034 1006 in-e

367 1042 504 1109 serenda
526 1041 610 1106 dona
633 1039 787 1106 caelestia
810 1039 1073 1122 circumspectus.
1126 1038 1187 1121 (23)
1216 1039 1254 1103 ln
1276 1058 1339 1120 quo
1362 1039 1489 1105 abbatis
1512 1039 1617 1106 officio
1640 1062 1698 1126 per
1720 1042 1835 1127 viginti
1858 1043 2000 1128 quinque

365 1166 467 1212 anuos
490 1143 772 1227 congregationem
794 1142 856 1209 sibi
879 1142 1083 1207 commissam
1105 1141 1244 1207 feliciter
1266 1143 1470 1225 gubernavit.

297 1251 346 1316 IX
459 1251 520 1333 (24)
547 1249 589 1314 Et
616 1247 691 1329 quic
720 1246 800 1312 tanti
830 1245 935 1312 meriti
964 1244 1052 1310 fama
1081 1245 1209 1329 sepulta
1238 1265 1302 1310 non
1332 1246 1443 1328 latuit,
1479 1247 1537 1313 sed
1568 1247 1718 1314 felicibus
1747 1250 1863 1335 pennis
1885 1258 2001 1318 cuncta

365 1354 537 1440 pervolans
560 1350 737 1436 occupavit,
765 1349 900 1432 contigit
914 1349 1121 1415 Andecavam
1146 1349 1309 1414 civitatem
1332 1350 1469 1434 pastoris
1492 1352 1724 1434 gubernatione
1740 1354 1867 1420 nudari.
1907 1357 2000 1421 Tunc

366 1457 576 1524 universitate
610 1455 738 1541 populi,
775 1474 813 1520 eo
847 1453 1039 1519 humilitatis
1073 1452 1179 1518 studio
1209 1453 1395 1537 resistente,
1433 1455 1475 1520 ad
1505 1455 1719 1540 pontificalem
1749 1457 1886 1542 gradum
1916 1459 1999 1526 duce
2021 1477 2051 1520 ro

367 1562 495 1629 Christo
518 1559 747 1627 concordanter
769 1558 909 1642 eligitur.
962 1560 1022 1640 (25)
1051 1555 1114 1635 Qui
1136 1557 1288 1623 horrorem
1312 1557 1455 1624 debitum
1479 1559 1648 1626 sacerdotii
1671 1568 1871 1646 consecutus,
1897 1563 1944 1628 ita
1963 1583 1999 1629 se

365 1667 399 1732 in
429 1664 645 1748 eleemosynis
668 1683 862 1748 pauperum,
895 1661 929 1726 in
952 1661 1140 1727 defensione
1163 1660 1299 1744 civium,
1332 1661 1366 1726 in
1389 1661 1571 1730 visitatione
1594 1664 1834 1747 languentium,
1868 1666 1901 1732 in
1924 1667 2001 1733 red·

366 1767 526 1854 emptione
549 1766 699 1853 praebuit
720 1766 935 1852 captivorum,
964 1771 999 1830 ut
1020 1766 1117 1830 beata
1140 1764 1235 1830 unius
1258 1765 1343 1830 actio
1366 1767 1520 1849 generale
1542 1766 1634 1835 ficret
1655 1770 1901 1854 salvamentum,
1927 1771 2000 1855 qui-

365 1874 426 1939 bus
449 1892 489 1938 cx
512 1870 626 1938 studiis
648 1871 808 1936 caelestes
829 1870 863 1934 iu
885 1890 924 1936 eo
947 1868 1182 1934 fructificavere
1203 1869 1349 1935 virtutes.

314 1977 346 2041 X
460 1977 522 2061 (26)
548 1974 651 2060 Igitur
679 1975 713 2039 in
739 1974 868 2040 civitate
891 1973 1067 2038 Andecava
1090 1991 1161 2037 cum
1185 1971 1216 2037 ei
1238 1971 1399 2054 quaedam
1421 1973 1536 2040 mulier
1559 1973 1659 2040 Grata
1681 1975 1809 2042 nomine
1832 1977 2000 2046 debilitate
2023 1997 2053 2038 rs

367 2086 545 2147 connectas
574 2097 689 2143 manus
720 2078 843 2144 habens
873 2076 979 2142 nervis
1010 2075 1271 2160 stupescentibus
1299 2077 1504 2160 occurrisset,
1539 2078 1666 2162 signum
1696 2080 1800 2145 crucis
1831 2100 1927 2168 snper
1948 2083 2001 2148 in-

366 2184 491 2250 firmam
521 2183 686 2248 dexteram
709 2180 797 2248 fecit.
845 2181 929 2245 Hinc
950 2187 1174 2265 praemortuae
1198 2181 1328 2264 palmae
1352 2180 1440 2266 prius
1464 2201 1499 2248 se
1521 2181 1619 2246 vivax
1641 2189 1731 2267 tepor
1754 2184 1888 2269 infudit,
1921 2186 1999 2252 item

368 2287 516 2372 sequenti
546 2287 598 2352 die
627 2286 662 2351 in
690 2285 760 2370 ipso
788 2285 857 2350 loco
885 2291 919 2349 ut
941 2286 982 2349 ab
1005 2304 1042 2350 eo
1067 2283 1250 2366 signaretur
1272 2303 1308 2349 se
1331 2284 1456 2350 obtulit.
1510 2287 1571 2370 (27)
1599 2285 1669 2363 Quo
1691 2286 1792 2370 facto,
1828 2298 2002 2374 coeperunt

367 2412 470 2458 venae
493 2409 567 2456 suos
591 2409 746 2456 excursus
768 2408 956 2472 agnoscere,
982 2387 1078 2455 tertia
1100 2407 1175 2454 vero
1198 2387 1251 2453 die
1275 2388 1329 2453 ubi
1353 2409 1450 2473 super
1473 2409 1543 2454 eam
1568 2390 1710 2473 sigillum
1730 2393 1834 2458 crucis
1848 2393 2001 2478 inpressit

367 2496 475 2561 statim
505 2513 540 2560 se
571 2494 729 2559 arentium
761 2492 932 2577 digitorum
963 2491 1020 2557 fila
1049 2492 1240 2558 laxaverunt
1269 2498 1302 2557 et
1330 2499 1457 2578 recepto
1487 2493 1663 2560 ministerio
1685 2495 1801 2561 mulier
1822 2496 1857 2562 in
1879 2497 2054 2564 Christian

366 2599 494 2665 nomine
517 2597 663 2663 rediviva
685 2596 818 2662 dextera
841 2615 876 2661 sc
901 2596 1053 2680 signavit.

297 2707 346 2772 XI
459 2703 519 2786 (28)
547 2701 694 2780 Quadam
724 2699 795 2767 vice
826 2721 896 2766 cum
920 2701 963 2767 ad
986 2701 1092 2766 vicum
1115 2700 1276 2783 Gcginam
1298 2700 1498 2784 praeteriens
1520 2701 1726 2782 accessisset,
1761 2704 2001 2771 adolescentem

367 2805 570 2872 Alabandum
601 2804 729 2871 nomine
759 2803 878 2870 amisso
907 2804 993 2869 vitae
1023 2803 1142 2889 reperit
1171 2804 1235 2868 iam
1266 2824 1409 2870 munere.
1456 2804 1601 2870 Audiens
1631 2812 1739 2871 autem
1769 2809 2002 2893 aparentibus

367 2918 543 2977 extremam
570 2909 630 2975 tilii
651 2915 785 2974 mortem
809 2907 986 2992 deplorari,
1021 2908 1158 2973 occurrit
1181 2914 1213 2974 et
1234 2914 1270 2973 ut
1291 2915 1448 2974 mortuum
1471 2908 1580 2974 vivum
1604 2909 1744 2993 erigeret
1766 2929 1802 2978 se
1824 2911 1857 2976 in
1880 2913 2000 2978 cratio-

366 3037 439 3082 nem
470 3013 655 3100 prosternit,
690 3012 740 3077 cni
767 3012 956 3078 incumbens
987 3011 1108 3077 diutius
1139 3010 1252 3077 oravit.
1306 3013 1366 3094 (20)
1394 3012 1479 3076 Dum
1501 3013 1694 3097 pallesceret
1716 3013 1826 3080 iacens
1849 3017 2002 3082 sacerdos
2025 3035 2059 3079 rs

366 3120 400 3185 in
429 3120 582 3204 pulvere,
600 3115 744 3182 animas
773 3115 930 3181 vivacitas
960 3115 1151 3180 rubescebat
1180 3115 1214 3180 in
1244 3134 1391 3198 corpore,
1428 3115 1529 3181 donec
1551 3117 1677 3200 pulsato
1701 3119 1805 3200 caelo,
1839 3118 2002 3204 patefacto

366 3229 502 3302 tartaro,
536 3221 662 3286 iuvenis
690 3225 894 3286 revocaretur
923 3239 944 3284 a
973 3217 1085 3285 funere
1115 3218 1266 3284 sacerdos
1296 3238 1317 3283 a
1346 3237 1452 3303 prece.
1505 3220 1565 3303 (30)
1594 3220 1721 3286 Deinde
1752 3241 1824 3287 cum
1846 3222 2001 3288 Asianum

366 3326 593 3393 monasterium
616 3331 752 3410 paterna
774 3322 989 3389 sollicitudine
1013 3322 1187 3404 visitasset,
1214 3321 1346 3404 quidam
1369 3327 1404 3387 ut
1426 3323 1457 3388 ei
1481 3330 1681 3390 succurreret
1703 3323 1767 3390 iam
1791 3324 1854 3390 fide
1869 3326 2003 3392 inlumi-

366 3438 461 3497 natus
491 3448 606 3496 caecus
637 3428 815 3508 exclamat,
849 3426 901 3491 cui
932 3434 966 3492 ut
996 3433 1128 3493 sanctae
1159 3427 1262 3493 crucis
1292 3427 1563 3494 medicamentum
1586 3429 1745 3514 inposuit,
1778 3436 1844 3495 tam
1867 3430 1929 3497 fuit
1949 3430 2003 3496 illi

328 3545 329 3548 ’
366 3537 475 3602 lumen
498 3535 560 3600 cito
582 3533 726 3617 recipere
749 3551 845 3614 quam
868 3530 1046 3613 quaesisse.
1098 3533 1161 3614 (31)
1188 3531 1269 3597 ltem
1285 3531 1469 3598 Andecavis
1492 3551 1563 3597 cum
1587 3532 1718 3613 quidam
1739 3533 1886 3600 Maurilio
1909 3535 2002 3601 olau—
2023 3555 2056 3598 ro

367 3640 412 3705 sis
442 3639 544 3706 oculis
573 3638 677 3703 lucem
707 3635 769 3702 sibi
798 3634 922 3700 restitui
952 3635 1144 3720 postularet,
1180 3641 1247 3701 tum
1278 3635 1425 3720 pontifex
1455 3654 1489 3700 se
1519 3636 1563 3701 ad
1585 3643 1661 3702 ncta
1683 3657 1773 3702 arma
1796 3645 1997 3721 convertens,

367 3765 442 3809 mox
471 3743 599 3826 signum
629 3739 815 3807 venerabile
838 3759 938 3824 supra
960 3731 1135 3824 palpebras
1158 3739 1229 3804 eius
1253 3738 1417 3822 extendit,
1451 3741 1539 3804 velut
1560 3739 1680 3806 balista
1702 3740 1877 3808 fortissima
1899 3762 2002 3828 perre-

367 3847 460 3914 tratis
489 3845 631 3912 tenebris
662 3865 739 3909 crux
770 3850 842 3927 post
864 3861 899 3908 sc
923 3862 1018 3909 caeco
1041 3844 1151 3908 lumen
1172 3843 1306 3908 invexit.
1359 3844 1420 3927 (32)
1448 3844 1528 3908 Item
1552 3864 1625 3909 oum
1646 3845 1854 3912 Marcellinus
1876 3846 2004 3913 circiter

368 3953 480 4019 decem
503 3969 604 4016 annos
626 3947 807 4032 transigens
831 3947 864 4011 in
886 3947 996 4012 nubilo
1020 3947 1193 4028 caecitatis,
1220 3953 1341 4013 tractus
1364 3947 1407 4012 ad
1429 3948 1558 4014 beatum
1582 3948 1762 4033 pontificem
1786 3950 1997 4035 pervenisset,

369 4056 423 4122 ubi
453 4053 580 4137 signum
614 4050 797 4118 adorandae
822 4051 924 4116 crucis
948 4070 1045 4137 super
1067 4051 1176 4117 oculos
1200 4051 1270 4116 eius
1293 4049 1453 4134 extendit,
1488 4051 1595 4117 statim
1619 4059 1805 4138 erumpente
1829 4053 1998 4138 sauguine,
2023 4076 2057 4116 cs

369 4157 520 4242 effugatis
543 4155 685 4221 tenebris
708 4156 765 4219 lux
786 4155 927 4221 intravit.

284 4265 350 4330 ΧΠ
463 4261 523 4344 (33)
551 4258 637 4324 lllud
659 4258 755 4324 etiam
775 4259 867 4324 nobis
883 4259 1067 4326 estfactum
1084 4259 1292 4324 memorabile
1308 4259 1551 4325 recensendum.
1592 4258 1671 4325 Cum
1687 4260 1833 4326 inlustris
1849 4259 2004 4326 Aetheria

370 4366 513 4432 iussione
536 4363 628 4448 regia
649 4369 863 4447 persequente
885 4362 917 4427 iu
935 4363 1131 4430 Dullacensc
1155 4363 1234 4428 villa
1257 4363 1393 4428 militum
1418 4363 1565 4428 custodia
1580 4369 1742 4429 teneretur
1757 4365 1899 4445 obsessa,
1925 4371 2004 4430 tunc

370 4469 421 4536 ovi
452 4467 645 4553 periclitanti
677 4473 880 4532 succurrente
912 4475 1022 4533 sancto
1051 4474 1198 4551 pastore,
1234 4467 1322 4532 solus
1353 4473 1387 4531 ut
1409 4488 1430 4533 a
1452 4468 1541 4533 nullo
1564 4475 1809 4550 cognosceretur
1830 4468 1873 4534 ad
1895 4468 2003 4552 ipsam

368 4572 561 4656 ingreditur:
597 4591 658 4656 quo
690 4571 759 4636 viso
787 4571 986 4655 amplectens
1015 4571 1084 4636 eius
1113 4571 1252 4654 vestigia
1278 4571 1395 4654 lugens
1424 4571 1540 4637 mulier
1568 4571 1769 4637 inhaerebat.
1821 4571 1880 4654 (30)
1909 4572 2004 4638 Tunc
2024 4595 2057 4634 ro

369 4677 507 4743 infelicis
537 4674 680 4740 custodis
709 4675 825 4739 insana
853 4675 1032 4758 procacitas
1062 4675 1139 4740 dum
1166 4676 1236 4740 vult
1265 4696 1337 4741 eam
1363 4675 1456 4758 quasi
1478 4675 1574 4760 lupus
1597 4695 1617 4740 a
1640 4682 1730 4742 veste
1753 4675 1890 4760 pastoris
1913 4678 2004 4741 evel-

370 4782 451 4862 lere,
490 4778 638 4844 iniuriam
673 4777 721 4843 vir
755 4784 885 4843 sanctus
915 4778 1052 4863 excepit.
1100 4780 1191 4844 Tunc
1218 4779 1276 4845 illo
1306 4778 1493 4844 insufflante
1522 4779 1556 4842 in
1587 4777 1656 4844 eius
1686 4778 1801 4845 faciem
1830 4785 2005 4845 temerator

370 4884 546 4950 sacerdotis
576 4881 674 4947 celeri
703 4887 803 4947 morte
831 4882 984 4948 multatus
1015 4887 1075 4948 est.
1127 4884 1188 4965 (35)
1215 4883 1300 4949 Hinc
1330 4889 1450 4948 terrore
1473 4888 1629 4966 urguente
1652 4882 1767 4967 reliqui
1789 4883 2004 4949 reverentiam

369 4989 552 5054 habuerunt
580 4984 740 5070 pontificis
770 4991 803 5051 et
832 4986 926 5051 unius
956 5006 1061 5070 poena
1089 4985 1167 5052 fecit
1196 4987 1277 5052 alios
1299 4987 1448 5053 inmunes
1470 5007 1491 5052 a
1513 4987 1609 5071 culpa
1630 5006 1690 5053 nec
1712 4987 1802 5072 prius
1824 5007 1845 5052 a
1866 4987 2004 5054 muliere

457 5319 537 5381 fiper
554 5293 610 5367 uxti
628 5343 661 5354 —
681 5317 695 5365 'l
714 5318 822 5366 feliciter
840 5314 1003 5385 gubernsuit]
1022 5319 1045 5365 Ε
1060 5318 1141 5379 probe,
1170 5320 1204 5381 cs.
1226 5318 1296 5379 infru
1313 5334 1333 5370 c.
1356 5321 1399 5382 20,
1427 5331 1472 5382 per
1490 5319 1582 5380 uiginti
1600 5323 1627 5366 ct
1644 5318 1756 5381 quinque
1773 5345 1807 5354 -
1825 5319 1937 5368 feliciter
1955 5335 2004 5380 gu-

370 5408 488 5456 bernauit
507 5405 604 5465 durius,
624 5420 670 5468 por
688 5405 801 5467 quinqua
822 5419 899 5453 annos
918 5432 952 5440 —
970 5407 1126 5468 feliciterque
1145 5408 1295 5466 gubernauit
1315 5406 1382 5457 Mub.
1501 5405 1516 5454 0
1536 5402 1651 5472 contigit]
1670 5419 1699 5454 eo
1717 5411 1828 5468 tempore
1848 5404 1917 5453 Mcb.
1941 5405 2005 5467 (nors

371 5493 468 5554 Sarius)
608 5492 638 5542 10
657 5489 755 5558 populi]
774 5492 936 5542 concordante
955 5494 1071 5554 quamuis
1091 5493 1157 5542 Mac.
1183 5497 1241 5552 (non
1259 5493 1357 5556 durius)
1503 5491 1533 5542 12
1553 5493 1697 5540 clemosinis
1717 5491 1746 5555 Ε,
1768 5493 1892 5539 alimoniis
1912 5489 2004 5542 corsua

372 5580 404 5630 22
422 5581 507 5629 uicum
526 5575 652 5646 geginam]
671 5581 723 5627 uici
741 5581 871 5640 genienais
893 5579 964 5640 Grep.
987 5579 1022 5630 M.
1044 5579 1070 5628 S.
1091 5581 1167 5631 Mart.
1189 5582 1203 5627 l
1209 5581 1233 5640 V,
1257 5583 1298 5642 ll,
1319 5580 1353 5641 rs.
1375 5581 1507 5643 Lougeon,
1528 5577 1679 5640 Gtcprapltic
1696 5593 1721 5638 p.
1743 5580 1794 5627 300
1898 5576 1931 5628 23
1950 5579 2005 5626 ala-

371 5662 493 5732 baudum]
513 5666 540 5727 Ε,
563 5667 735 5716 mutabundum
755 5666 853 5729 Sunius,
873 5667 1040 5715 alaubaudum
1061 5666 1124 5717 Mad.
1233 5664 1265 5714 32
1284 5663 1353 5732 mcx]
1372 5681 1429 5715 mox
1447 5670 1478 5715 nt
1496 5664 1591 5726 Sunius,
1614 5664 1656 5713 sed
1674 5663 1708 5726 cs.
1728 5678 1805 5714 curm.
1826 5665 1856 5726 X,
1878 5667 1903 5726 6,
1928 5666 1977 5712 122
