4506 6248
356 327 419 390 230
968 331 1140 388 variam
1158 331 1380 388 FORTVNATI

355 522 481 589 steterit
502 519 579 604 quin
602 519 700 603 stirpe
723 517 833 583 mortis
855 517 921 583 fixa
943 519 1041 600 rivet.
1137 521 1174 602 (3)
1204 520 1292 585 Misit
1313 520 1374 586 hoo
1395 521 1533 606 posteris
1555 521 1718 588 hereditas
1740 522 1929 606 parentalis,
1954 530 1990 588 ut

355 626 500 692 iacentes
522 622 615 688 morti
637 641 830 706 quaeramus
853 621 961 687 vivere
985 620 1146 687 morituri:
1172 622 1373 689 vulnificavit
1395 631 1527 690 cunctos
1550 623 1690 690 infelicis
1706 625 1830 690 arboris
1841 624 1989 710 ‘adquae-

354 728 420 793 sita
442 725 612 811 possessio,
639 743 722 808 quae
744 724 986 790 blandientibus
1008 725 1112 808 pomis
1134 725 1258 809 prolem
1281 726 1371 809 prius
1393 727 1501 792 nocuit
1523 746 1620 812 quam
1643 727 1791 806 nutrivit,
1818 746 1880 811 quo
1903 734 1988 793 certe

358 830 419 895 sub
441 827 529 913 epuli
554 827 661 911 speeie
686 846 770 892 mors
792 827 933 891 intravit.
982 826 1075 892 ferali
1096 833 1184 892 tactu
1207 827 1305 894 laesit
1327 828 1386 893 boc
1409 836 1561 913 parentes
1584 836 1616 895 et
1637 837 1798 913 posteros:
1831 830 1905 895 illos
1928 849 1989 913 gu-

356 939 441 1012 stus,
475 949 536 995 nos
558 947 670 994 sucus:
704 929 856 1011 quoniam
879 929 1058 994 virulentae
1082 929 1241 994 suasionis
1262 931 1433 1015 poculum,
1459 931 1546 1014 quod
1567 939 1660 1016 pater
1681 932 1766 997 male
1790 933 1929 1014 sorbuit,
1955 931 1989 997 in
2010 957 2023 994 s

354 1034 479 1119 prolem
500 1030 675 1097 transfudit
705 1039 751 1113 et,
785 1038 820 1097 ut
846 1031 894 1096 ita
920 1031 1044 1097 dictum
1075 1032 1132 1113 sit,
1167 1031 1252 1116 quod
1281 1053 1302 1098 a
1332 1031 1421 1099 ionte
1450 1035 1608 1116 manavit,
1643 1035 1677 1099 in
1705 1034 1809 1100 rivum
1839 1033 1986 1100 defluxit.

348 1139 400 1220 ’(4)
427 1134 541 1201 Intulit
562 1134 623 1199 hoe
644 1133 745 1216 igitur
765 1133 824 1198 ille
846 1140 949 1199 mater
971 1133 1012 1200 de
1034 1147 1153 1217 genere
1177 1134 1236 1200 sed
1257 1154 1395 1200 noverca
1417 1123 1458 1202 de
1481 1136 1623 1218 crimine,
1649 1134 1764 1202 infelix
1778 1136 1901 1202 eunctis
1916 1135 1987 1202 Eva

356 1238 523 1317 monades,
548 1235 634 1320 quod
655 1243 741 1302 certe
765 1236 835 1301 sola
857 1237 904 1301 sio
926 1237 1045 1303 extruit
1068 1244 1101 1302 ut
1123 1237 1274 1303 universe
1290 1237 1477 1320 destrueret,
1504 1258 1575 1303 cum
1590 1245 1735 1305 veterata
1749 1239 1986 1305 machinatione

357 1341 526 1426 decipulae
548 1338 662 1404 rudem
684 1337 788 1403 virum
810 1338 960 1422 perderet
982 1346 1014 1404 et
1037 1339 1165 1423 periret.
1213 1338 1273 1404 sed
1295 1340 1402 1424 proles
1426 1341 1601 1424 quidboni
1623 1341 1738 1422 faciat,
1766 1341 1795 1407 si
1817 1361 1852 1407 se
1874 1342 1909 1406 in
1932 1361 1987 1408 ea-

356 1443 511 1509 lumniam
534 1443 586 1508 vel
605 1441 684 1506 mali
698 1440 842 1526 parentis
858 1440 1021 1522 extendat,
1046 1450 1103 1507 aut
1118 1448 1154 1507 ut
1167 1441 1260 1507 illum
1273 1443 1389 1508 iterum
1406 1443 1605 1510 detrahendo
1620 1444 1800 1510 remordeat
1814 1443 1869 1527 qui
1884 1444 1985 1509 semel
2007 1466 2035 1508 ro

355 1565 463 1612 morsu
485 1546 634 1631 perierat,
661 1564 733 1609 cunr
751 1543 822 1628 ipse
838 1543 901 1608 sibi
917 1543 1080 1609 suffecerit
1095 1563 1171 1609 suus
1188 1545 1311 1628 lapsus,
1337 1552 1445 1611 noster
1459 1552 1615 1611 occasus?
1707 1547 1745 1630 (b)
1772 1547 1886 1630 Itaque
1908 1553 1986 1631 puto

355 1649 566 1733 incongruum
596 1647 624 1713 si
653 1646 705 1712 vel
734 1647 826 1711 illum
857 1665 1034 1711 remorsero
1056 1666 1232 1730 perquem
1254 1647 1356 1730 gratis
1378 1647 1467 1713 venit
1488 1649 1668 1732 ingratum,
1703 1649 1795 1714 cuius
1817 1649 1984 1714 occasione

355 1751 464 1818 vitalis
485 1750 659 1816 alimoniae
682 1767 766 1833 mors
790 1749 895 1833 coepit
910 1748 1052 1834 depasci,
1080 1749 1132 1814 oui
1147 1748 1224 1814 dum
1239 1750 1401 1815 oculorum
1417 1751 1540 1835 apertio
1554 1749 1757 1837 promittitur,
1782 1752 1840 1818 lux
1854 1750 1986 1834 sugatur

354 1861 387 1920 et
414 1854 583 1920 divinitate
613 1853 770 1938 promissa
797 1851 891 1916 homo
920 1852 1032 1936 lapsus
1061 1851 1144 1917 redit
1170 1851 1203 1916 in
1233 1858 1369 1918 terram:
1403 1853 1479 1918 hinc
1508 1860 1558 1920 cst
1586 1853 1672 1936 quod
1698 1855 1819 1938 prolem
1842 1854 1983 1937 genitam

354 1977 473 2023 nocens
507 1975 582 2022 esca
612 1955 710 2021 traxit
740 1955 775 2019 in
807 1953 973 2039 praedam.
1076 1955 1115 2034 (6]
1153 1954 1251 2046 Fecit
1277 1954 1335 2020 illa
1368 1955 1540 2040 captivitas
1572 1975 1631 2021 nos
1664 1957 1825 2041 prosperis
1857 1957 1980 2038 exules,
2005 1979 2035 2020 re

355 2060 502 2126 adversis
525 2065 702 2140 consortes,
737 2063 769 2122 et
791 2062 913 2122 tantum
936 2056 1152 2140 peregrinatio
1174 2057 1318 2140 gravior,
1352 2078 1449 2141 qnam
1471 2077 1557 2124 mors
1580 2058 1661 2124 dura
1682 2060 1796 2126 notior.
1842 2059 1985 2126 nascitur

354 2163 396 2228 ab
411 2162 517 2227 Adam
539 2167 648 2226 vetere
670 2177 771 2242 usque
794 2158 837 2223 ad
858 2178 977 2223 novum
999 2159 1160 2224 hominem
1183 2159 1250 2224 vita
1271 2167 1382 2226 nostra
1405 2180 1476 2225 cum
1499 2168 1611 2227 morte.
1707 2161 1745 2244 (7)
1774 2162 1857 2227 Hinc
1874 2181 1909 2228 se
1924 2181 1984 2227 nee

354 2266 438 2332 Abel
461 2263 549 2330 exuit
569 2281 630 2328 neo
644 2261 753 2328 Enoch
777 2261 911 2344 effugiet
931 2281 1035 2344 neque
1051 2261 1121 2326 Noe
1144 2279 1180 2327 se
1204 2262 1371 2346 subtraxit,
1397 2262 1452 2346 qui
1474 2263 1596 2329 diluvio
1618 2271 1751 2330 mortem
1774 2264 1899 2330 distulit
1920 2283 1983 2329 non

355 2367 507 2446 mutavit3
532 2365 595 2430 lroo
614 2363 798 2449 patriarcba
819 2382 883 2428 non
905 2363 1042 2445 rennuit,
1068 2363 1151 2429 banc
1174 2364 1282 2447 legem
1297 2365 1414 2448 legifer
1428 2385 1492 2430 non
1507 2367 1633 2448 avertit,
1660 2366 1817 2451 propheta
1831 2367 1984 2432 sustinuit

354 2477 387 2537 et
408 2471 483 2555 plus
498 2487 593 2553 quam
607 2466 764 2552 propheta
780 2466 962 2532 succubuit:
990 2466 1088 2531 Sarra
1108 2486 1245 2549 quoque,
1271 2468 1421 2534 Rebecca
1442 2468 1565 2534 Rachel
1587 2469 1681 2534 Anna
1703 2468 1881 2549 Elisabeth,
1907 2470 1984 2535 licet
2002 2490 2033 2532 ro

354 2591 452 2639 sexus
474 2570 622 2650 inferior,
653 2575 762 2634 tamar
792 2567 851 2634 hoo
881 2569 977 2634 simul
1005 2568 1087 2634 bibit
1112 2588 1269 2634 amarum.
1363 2571 1403 2653 (8)
1431 2570 1515 2648 Quid
1538 2579 1750 2655 conqueratur
1772 2572 1813 2638 de
1835 2570 1979 2656 reliquis,

355 2695 428 2742 cum
450 2675 521 2760 ipse
542 2671 754 2756 triumphator
775 2671 885 2737 mortis
908 2691 965 2756 pro
986 2677 1078 2756 parte
1101 2691 1166 2755 qua
1188 2690 1261 2737 caro
1283 2670 1389 2738 iactus
1411 2680 1516 2739 estet
1538 2673 1630 2740 morti
1652 2674 1815 2739 subiectus
1830 2678 1902 2740 esti
1922 2693 1983 2740 nee

353 2777 460 2844 iuerat
480 2777 595 2862 plenus
617 2774 730 2856 homo,
757 2773 870 2839 sinon
893 2773 1049 2839 sensisset
1071 2780 1104 2839 et
1124 2774 1300 2852 tumulum;
1334 2794 1394 2840 nee
1417 2776 1498 2841 deus
1520 2776 1719 2856 crederetur,
1751 2776 1814 2842 nisi
1837 2783 1984 2860 surgeret

353 2881 394 2947 de
425 2879 606 2964 sepulchro.
701 2879 740 2960 (9)
772 2877 855 2942 Hinc
884 2882 934 2942 est
963 2875 1050 2959 qnod
1079 2877 1207 2960 loquor,
1240 2877 1407 2944 carissime
1436 2885 1469 2944 et
1497 2877 1582 2944 fidae
1605 2876 1786 2944 dilectionis
1808 2879 1887 2944 milri
1907 2885 1982 2944 voto

354 3002 486 3065 eonexe,
512 2975 551 3048 eo
573 2981 659 3062 qnod
680 2987 753 3046 tuos
774 3000 834 3065 per
853 2979 964 3064 apices
985 2986 1081 3046 natae
1097 2986 1228 3046 sanotae
1243 2981 1413 3047 transitum
1428 2981 1641 3064 conqueraris,
1667 2981 1722 3046 rix
1736 2981 1879 3066 singultu
1894 3001 1981 3046 rum-
2001 3001 2032 3045 rs

352 3092 449 3172 pente
478 3083 628 3150 indicans
658 3083 783 3148 calamo
811 3081 913 3164 tristi,
955 3081 1141 3148 decennalis
1178 3081 1294 3148 aetatis
1324 3082 1471 3149 inruente
1501 3082 1614 3151 funere
1643 3083 1822 3168 pubertatis
1849 3091 1980 3150 tenerae

352 3187 486 3254 floscula
508 3186 695 3268 marcuisse,
721 3205 794 3251 oum
815 3204 920 3270 paene
942 3185 1080 3269 nuptiali
1103 3191 1241 3251 retracta
1262 3185 1303 3251 de
1325 3184 1435 3251 limine
1456 3205 1521 3251 non
1543 3185 1587 3251 ad
1601 3186 1702 3272 petris
1716 3193 1824 3252 votum
1838 3186 1980 3253 thalamo

353 3291 447 3356 datur
469 3289 529 3356 sed
550 3290 691 3371 tumulo,
725 3295 758 3354 et
779 3287 908 3354 diverso
930 3288 1052 3353 cantico
1074 3307 1138 3352 non
1159 3295 1228 3353 toro
1251 3288 1389 3353 traditur
1409 3288 1468 3354 sed
1491 3288 1678 3373 sepulchro,
1712 3289 1756 3354 ad
1785 3289 1876 3355 cuius
1898 3287 1981 3355 iorte

353 3400 428 3459 vota
449 3393 514 3457 iam
537 3390 694 3457 festinans
717 3390 842 3455 familia
864 3389 1020 3470 fervebat,
1046 3389 1160 3455 sedule
1181 3391 1349 3475 parentela
1371 3391 1571 3456 excitabatur
1592 3398 1625 3457 et
1646 3391 1760 3476 patria,
1787 3397 1890 3457 mater
1912 3399 1982 3458 erat

351 3516 446 3580 prece
477 3513 651 3579 suspensa,
684 3493 758 3578 ipsa
787 3493 985 3577 adsurgebat
1012 3512 1089 3558 cura
1118 3493 1266 3558 nutricis:
1302 3493 1417 3559 iuncea
1446 3495 1632 3578 pubertate,
1666 3513 1759 3559 rosea
1773 3493 1977 3577 -modestate,
2001 3516 2032 3558 ao

349 3599 468 3666 festiva
489 3604 558 3663 arte
580 3595 631 3660 sui
653 3615 751 3661 sexus
773 3602 897 3661 ornata.
993 3597 1053 3678 (¹0)
1082 3595 1148 3661 Sed
1170 3615 1232 3679 quo
1254 3615 1306 3661 me
1328 3595 1413 3680 rapit
1433 3593 1555 3661 formae
1578 3595 1674 3661 decor
1696 3615 1740 3661 se·
1753 3594 1890 3680 prodere
1912 3581 1980 3660 tam

349 3689 412 3767 cito
433 3698 546 3783 ingan,
571 3719 634 3781 quo
656 3719 731 3764 earo
754 3697 905 3778 mendax,
932 3717 1004 3762 oum
1024 3695 1195 3762 deiunctae
1212 3697 1239 3762 si
1254 3696 1459 3782 praedicetur
1472 3698 1587 3782 gloria,
1613 3697 1803 3764 adcrescant
1817 3698 1981 3763 lamentat

355 3805 416 3887 (rt)
443 3801 593 3867 Habuisti
614 3799 713 3884 igitur
733 3799 822 3865 istud
842 3797 944 3884 pater,
971 3799 1116 3866 sednon
1140 3807 1246 3864 tuum:
1272 3798 1443 3866 reddidisti
1465 3799 1573 3884 potius
1595 3799 1863 3866 commendatum.
1905 3799 1978 3884 plo-

419 4057 524 4126 lquin]
542 4062 569 4107 ln
587 4056 659 4107 codd.
779 4054 814 4104 02
831 4061 858 4106 in
874 4072 970 4118 more:
989 4059 1023 4107 al.
1043 4060 1070 4105 in
1090 4058 1189 4120 stipite.
1214 4065 1240 4106 et
1258 4064 1342 4105 umen
1360 4059 1389 4106 in
1408 4059 1487 4120 stirpe
1602 4057 1663 4106 haee
1678 4058 1701 4105 A
1816 4058 1916 4107 heredis
1934 4057 1979 4106 BL

347 4146 363 4196 2
381 4148 488 4196 iacentis
500 4145 529 4204 ii,
550 4147 664 4194 iacenter
676 4144 707 4204 A,
729 4145 888 4193 sublucentes
901 4143 1030 4192 Breuem
1130 4144 1276 4205 adquaeslts
1288 4139 1383 4209 Aodi]
1401 4143 1533 4204 adqueeits
1546 4142 1581 4204 M,
1603 4145 1743 4204 etqureslts
1755 4142 1786 4202 Β,
1806 4145 1932 4205 atqueslts
1943 4143 1976 4202 D,

347 4233 474 4294 adquisita
491 4228 573 4279 Blffl
694 4225 787 4296 aquo]
805 4227 911 4291 qnodG
1024 4229 1131 4291 depuli
1148 4231 1232 4292 specie
1250 4225 1282 4295 li]
1301 4230 1383 4291 epulis
1401 4231 1484 4290 specle
1503 4229 1581 4290 aaa,
1602 4230 1687 4291 epulis
1705 4231 1815 4291 speciem
1836 4227 1975 4290 OMDG¹B‚

346 4318 477 4380 epularum
497 4318 579 4380 speeie
598 4313 633 4362 0²
736 4311 814 4381 mors]
833 4329 941 4364 mosum
960 4314 994 4362 Α1
1111 4314 1238 4378 dprolem
1258 4311 1347 4381 Der]
1364 4315 1433 4375 prole
1451 4315 1506 4364 rell.
1612 4315 1735 4363 traniudlt
1754 4314 1781 4362 Μ
1883 4312 1979 4382 riuum]

348 4405 401 4451 rino
420 4401 492 4452 codd.
617 4401 728 4462 ilgitnr
744 4401 792 4450 hoe
810 4400 844 4448 Αἱ
965 4413 1031 4449 enne
1050 4399 1130 4448 AiiD
1248 4398 1400 4448 8moneder
1418 4401 1441 4447 A
1562 4401 1614 4448 sola
1631 4425 1666 4436 -
1682 4400 1826 4448 destrueret
1842 4414 1891 4450 om.
1914 4400 1943 4448 0¹

346 4490 462 4536 extruxit
480 4487 615 4546 Browerus,
637 4488 715 4536 struit
734 4485 899 4535 Moomumus
1012 4487 1155 4534 destruerat
1175 4483 1251 4553 GLF]
1269 4487 1406 4536 distrueret
1422 4486 1478 4535 rell.
1593 4498 1651 4533 cnm
1669 4480 1792 4551 ueterets]
1810 4499 1885 4547 quem
1903 4493 1977 4536 uete-

346 4580 399 4622 reta
418 4571 593 4632 Accusas,
614 4585 678 4633 quse
696 4573 839 4620 inueterata
857 4571 900 4619 BL
1032 4571 1048 4619 il
1067 4570 1200 4634 decipulae
1217 4597 1252 4608 -
1269 4577 1295 4620 et
1313 4584 1362 4621 om.
1384 4570 1405 4617 0
1525 4572 1568 4632 qul
1590 4569 1610 4617 O
1742 4570 1772 4618 10
1791 4571 1833 4619 nel
1851 4584 1901 4621 om.
1921 4571 1943 4618 1„

346 4655 387 4726 ut]
405 4661 432 4708 in
445 4660 474 4718 F,
495 4657 581 4707 osred
688 4656 716 4705 ll
738 4653 877 4723 suffecerit]
896 4658 1019 4705 sutdcerlt
1033 4654 1181 4717 roboas,
1203 4657 1313 4706 euticetit
1327 4653 1378 4716 Mi,
1400 4656 1591 4718 snitlceretBL,
1614 4657 1709 4705 rosera
1728 4654 1765 4702 M¹
1872 4655 1901 4705 12
1920 4671 1977 4718 grs-

344 4751 384 4794 tes
402 4744 484 4793 D0¹L
607 4742 637 4792 13
656 4745 751 4804 apertio
768 4745 878 4791 mittitur
896 4742 930 4804 D,
951 4743 1019 4805 optio
1037 4742 1230 4805 promittiturL
1348 4741 1378 4790 15
1398 4743 1538 4805 erptiustrs
1559 4739 1639 4790 (ΜΡ
1751 4743 1876 4804 prosperis
1894 4737 1979 4807 ΛΟΜ]

345 4843 474 4892 prosperos
488 4827 518 4890 ii,
540 4831 652 4891 properis
665 4828 717 4887 RF,
738 4841 854 4892 properes
869 4828 902 4890 D,
923 4841 968 4890 pro
985 4829 1074 4890 poenis
1093 4828 1146 4888 BL,
1168 4826 1228 4888 tort.
1247 4841 1292 4889 pro
1310 4828 1436 4889 prosperis
1543 4826 1574 4876 16
1592 4827 1715 4877 aduersus
1736 4825 1765 4888 G,
1786 4827 1905 4878 aduersos
1923 4829 1945 4874 F

345 4911 434 4982 qnam]
446 4929 496 4978 qus
508 4913 552 4976 01,
567 4921 690 4976 quantum
706 4911 739 4961 02
845 4912 875 4963 ts
894 4913 1036 4962 exiultDL
1124 4907 1429 4978 enochAGL]enolreO,
1445 4925 1505 4960 enoc
1519 4911 1618 4959 MDBR
1704 4911 1916 4972 etiamdum.
1931 4911 1975 4973 Αἱ,

344 5000 482 5062 elugietB
504 5001 721 5061 lef.1X,2,39)
842 5001 968 5048 subtraxit
986 4995 1044 5065 AL]
1063 4999 1188 5046 subtrahit
1204 5000 1258 5048 rell.
1379 4996 1410 5046 19
1428 4998 1513 5045 renuit
1531 4996 1562 5058 L,
1582 4999 1709 5046 resecuit
1727 4996 1761 5045 Αἱ
1873 4994 1977 5065 euertit]

345 5088 461 5135 sesessit
480 5085 514 5133 Αἱ
645 5084 678 5134 20
696 5083 876 5148 propbeteec
995 5084 1132 5132 subcubuit
1149 5083 1180 5144 Β,
1201 5084 1342 5132 sueonmblt
1359 5080 1435 5130 ΛΟΜ
1565 5081 1595 5131 21
1616 5079 1689 5148 quid]
1707 5083 1752 5145 qul
1773 5081 1804 5129 0¹
1824 5085 1894 5142 (corr.
1917 5082 1974 5144 0er

294 5170 377 5221 ,22
394 5169 456 5239 qur]
474 5174 518 5234 qni
536 5172 561 5220 D
680 5170 807 5219 mortlsC
922 5167 955 5218 23
974 5172 1093 5219 sensisslt
1116 5168 1164 5216 CM
1273 5169 1401 5217 tumulum
1420 5163 1480 5234 GP]
1498 5168 1628 5216 cumulum
1644 5169 1699 5217 rell.
1725 5169 1887 5231 (commolunt
1904 5169 1938 5230 D)

344 5255 468 5324 surgeret]
486 5263 638 5320 surgeretet
651 5254 680 5303 le
781 5255 814 5305 24
832 5256 896 5304 adse
909 5251 1086 5322 Morumsenur]
1104 5256 1153 5304 tide
1169 5254 1240 5304 codd.
1347 5253 1380 5302 25
1399 5266 1493 5301 conexa
1511 5252 1598 5303 orm
1699 5261 1758 5303 tuse
1770 5253 1816 5303 BL
1919 5257 1977 5316 cpi-

343 5355 396 5390 cem
409 5341 462 5405 BL,
483 5343 588 5405 apieeB
693 5347 793 5392 esnone
806 5339 866 5410 OF]
884 5343 1030 5390 sanctirell.
1048 5340 1179 5403 (setrico)
1287 5338 1439 5400 singultoi)
1542 5337 1576 5388 26
1594 5339 1724 5387 aetatesO
1826 5341 1975 5389 inroeatlL

343 5427 373 5477 27
394 5429 559 5478 meruissent
671 5426 703 5477 28
721 5429 790 5476 thoro
809 5425 843 5476 02
956 5425 989 5476 29
1007 5428 1091 5476 sedole
1109 5425 1138 5474 Μ
1240 5423 1704 5487 soruncectpoer.c¹r),1nnots
1722 5422 1772 5472 De
1878 5428 1975 5488 puber·

341 5515 388 5562 tati
406 5511 454 5560 De
559 5513 589 5563 ³1
610 5515 702 5563 tertius
719 5513 804 5562 orni,
909 5512 941 5562 32
960 5514 1035 5562 tucax
1054 5512 1077 5558 Δ
1181 5508 1241 5578 quo]
1260 5525 1334 5573 quem
1352 5511 1424 5560 codd.
1531 5508 1564 5558 33
1583 5508 1749 5559 heburistic
1853 5523 1976 5560 coamen-

343 5599 429 5648 dstum
448 5599 484 5662 M,
505 5599 687 5649 commodatum
707 5599 836 5647 Browsrus
