4440 6216
871 338 965 395 VITA
984 339 1120 397 SANOTI
1137 338 1313 396 AMANTII.
1866 343 1905 404 57

279 528 419 593 nubibus
451 527 522 594 dies
554 549 630 594 mox
660 529 790 595 diaholo
820 530 952 596 exitium
983 529 1106 612 ferens,
1144 531 1279 596 terribili
1309 549 1436 613 nanque
1466 530 1570 595 sonitu
1600 529 1720 594 fulmen
1750 529 1909 612 increpuit

280 632 462 716 pariterque
493 631 607 697 infelix
631 632 855 698 simulachrum
880 633 969 715 ferit,
1003 633 1119 699 dividit
1140 633 1371 717 dispergitque.
1422 635 1484 718 (19)
1511 634 1626 699 Fertur
1646 652 1704 716 per·
1726 652 1804 698 aera
1825 632 1909 716 lapi-

280 733 375 800 deum
404 735 632 819 sacrilegorum
662 756 798 801 numen:
832 736 919 820 quod
948 737 994 802 ita
1024 737 1185 802 diversam
1207 737 1241 802 in
1263 743 1387 822 partem
1410 736 1533 802 ultricis
1557 736 1717 821 procellae
1738 734 1831 801 turbo
1852 735 1911 801 de-

279 836 370 918 iecit,
403 843 439 903 nt
464 844 588 922 partem
618 858 702 904 nnnc
730 838 800 905 eius
824 839 986 906 Lauterna
1007 845 1116 906 teneat
1138 840 1241 920 rivus,
1277 847 1403 925 partem
1424 839 1594 904 Avaricnis
1616 839 1736 906 habeat
1757 838 1827 923 ripa
1849 837 1911 905 flu-

248 939 374 1006 sminis
403 941 437 1005 in
467 941 684 1008 testimoninm
713 943 838 1008 virtutis
866 949 1019 1029 perpetuo
1050 949 1227 1010 servatura.
1274 943 1402 1009 Partem
1425 944 1466 1008 ab
1489 943 1568 1009 urbe
1590 943 1700 1027 procul
1722 949 1837 1028 patens
1859 963 1911 1009 re-

266 1043 359 1112 tinet
380 1062 513 1128 campus
535 1065 603 1111 rem
625 1045 708 1112 tanti
730 1046 876 1112 miraculi
898 1045 1020 1113 visibus
1042 1046 1212 1130 ingerens,
1242 1046 1496 1112 ammirationem
1519 1047 1690 1130 praebens,
1725 1045 1910 1111 memoriam

279 1153 537 1231 repraesentans.
598 1148 658 1232 (29)
686 1148 800 1232 Itaque
831 1149 942 1216 divina
971 1149 1174 1235 providentia
1201 1151 1349 1217 verberat
1376 1149 1510 1234 impios,
1546 1157 1581 1214 ut
1610 1149 1738 1216 animae
1767 1148 1911 1214 morbum

281 1249 420 1335 corporis
443 1249 654 1318 afflictatione
677 1258 785 1334 sanet,
819 1259 852 1318 et
874 1252 914 1320 de
938 1253 1084 1320 adversis
1107 1253 1251 1320 remedia
1273 1271 1471 1338 praeparans
1494 1252 1632 1318 salutem
1654 1251 1838 1317 infirmitate
1861 1271 1912 1318 re-

280 1352 397 1436 stituit,
431 1353 569 1437 ideoque
600 1355 791 1440 sacrilegam
821 1356 948 1442 plebem
980 1356 1154 1442 percussit,
1186 1363 1223 1422 ut
1248 1356 1399 1441 perderet
1421 1376 1509 1437 eam,
1545 1362 1578 1421 51
1599 1355 1655 1439 pia
1677 1374 1774 1419 manu
1796 1353 1913 1421 inflixit

230 1473 259 1514 ro
279 1456 430 1537 vulnera,
465 1475 505 1523 ne
534 1458 641 1543 ipsam
670 1459 809 1544 puniret.
869 1462 931 1543 (21)
965 1460 1040 1526 Fuit
1068 1480 1144 1544 ergo
1173 1479 1329 1545 praesens
1356 1479 1463 1544 paena
1491 1478 1555 1524 non
1583 1459 1663 1524 ultio
1692 1459 1825 1525 sceleris
1854 1458 1912 1525 sed

279 1559 408 1634 medela
444 1562 584 1645 peccati,
623 1583 707 1646 quae
740 1562 914 1648 perimeret
946 1570 1133 1648 peccatum,
1172 1570 1332 1630 coerceret
1363 1569 1580 1648 peccatorem:
1623 1561 1760 1628 extinxit
1792 1562 1912 1628 crimen

279 1670 409 1729 auctore
434 1672 559 1731 servato
582 1666 757 1748 obortaque
781 1666 877 1732 simul
900 1673 951 1732 est
972 1687 1011 1732 ex
1032 1667 1141 1733 dolore
1157 1667 1256 1748 salus,
1284 1687 1325 1732 ex
1340 1667 1388 1732 ira
1403 1665 1550 1731 remissio
1565 1665 1687 1730 multis.
1740 1666 1800 1750 (22)
1827 1665 1913 1732 Nam

279 1772 315 1831 ut
343 1765 570 1834 simulachrum
601 1768 735 1836 fulmine
765 1769 863 1835 ictum
891 1769 1049 1854 dissiluit,
1084 1770 1191 1836 statim
1215 1770 1330 1854 quibus
1352 1770 1456 1835 inerat
1478 1768 1653 1834 inventutis
1675 1768 1772 1833 robur
1793 1769 1912 1851 quique

279 1868 320 1934 de
351 1868 458 1935 media
485 1878 577 1937 nocte
605 1873 783 1956 vergebant
810 1874 844 1938 in
874 1874 998 1940 senium
1030 1874 1141 1940 auditu
1173 1873 1330 1940 obstrusis
1359 1871 1491 1938 auribus
1513 1890 1656 1936 caruere.
1704 1869 1814 1936 Iunior
1836 1891 1912 1938 vero

230 1989 260 2031 55
280 1973 448 2057 minusque
478 1994 596 2042 nocens
624 1983 715 2042 aetas
745 1976 864 2042 mansit
892 1977 1077 2059 incolumis,
1113 1977 1172 2044 sed
1193 1977 1227 2044 hi
1249 1977 1365 2060 quihus
1387 1975 1486 2041 altius
1509 1974 1729 2059 serpentinum
1751 1974 1839 2040 virus
1862 1975 1913 2041 in-

280 2075 404 2141 olnerat
432 2075 598 2144 feriuntur.
646 2079 733 2158 Quos
760 2100 836 2164 ergo
859 2079 903 2146 ad
925 2080 1022 2147 fidem
1045 2080 1244 2166 praedicatio
1267 2085 1465 2146 5555155555
1487 2084 1633 2143 moverat
1653 2077 1792 2160 insignis
1815 2078 1914 2143 mira-

280 2178 345 2244 culi
367 2179 468 2244 virtus
490 2181 638 2267 impellit.
690 2185 751 2266 (23)
779 2183 831 2248 Ad
853 2183 1077 2250 beatissimum
1100 2183 1220 2250 etenim
1243 2183 1347 2250 virum
1370 2186 1577 2261 concurrunt,
1609 2179 1761 2246 facinoris
1784 2181 1913 2246 veniam

279 2287 435 2365 expetunt
463 2289 495 2349 et
523 2292 701 2366 merentur,
736 2286 872 2352 amissos
894 2293 1043 2371 repetunt
1065 2307 1181 2355 sensus
1204 2295 1302 2370 atque
1325 2285 1522 2371 percipiunt,
1558 2282 1700 2348 sentiunt
1722 2283 1794 2349 sani
1816 2283 1913 2349 fontis

278 2381 399 2449 fluenta
422 2392 454 2452 et
475 2385 637 2454 hauriunt.
684 2388 843 2456 Discessit
864 2409 941 2474 ergo
963 2391 1081 2456 vulnus
1103 2391 1246 2474 illatum,
1273 2395 1404 2456 curatur
1425 2387 1591 2453 inventum
1612 2404 1673 2451 nec
1696 2386 1781 2452 ultra
1803 2407 1914 2452 emen-

227 2487 441 2554 nudationem
475 2492 610 2557 verbera
642 2491 709 2558 illis
744 2494 957 2559 contulerunt.
1020 2497 1081 2578 (24)
1116 2494 1169 2560 Sic
1200 2493 1348 2560 dominns
1379 2498 1488 2557 noster
1516 2488 1624 2555 tidelis
1654 2490 1798 2556 oratione
1829 2489 1914 2556 servi

277 2591 443 2674 antiquam
467 2594 671 2677 putredinem
694 2596 837 2662 ulcerum
860 2597 1002 2679 curavit,
1035 2598 1169 2663 vulnera
1192 2596 1337 2679 sanavit,
1371 2594 1505 2678 flagella
1527 2592 1655 2676 lenivit,
1690 2593 1771 2658 iram
1793 2599 1914 2660 terrore

278 2695 485 2778 compescuit.
540 2697 591 2762 Ita
621 2698 730 2763 divino
757 2719 890 2764 munere
919 2700 1056 2766 bellator
1087 2700 1238 2783 egregius
1266 2698 1419 2784 praedam
1450 2696 1581 2762 inimico
1610 2696 1759 2775 abstulit,
1798 2696 1914 2763 detulit

279 2796 385 2877 caelo,
414 2795 555 2865 detraxit
576 2800 678 2882 hosti,
706 2801 827 2867 auctori
849 2800 1005 2866 restitnit:
1044 2802 1190 2886 captivos
1213 2802 1298 2867 enim
1322 2798 1464 2865 reddidit
1486 2797 1628 2864 libertati
1650 2797 1814 2882 praedone
1837 2818 1914 2882 cap-

279 2897 344 2963 tivo
367 2897 518 2982 vitaeque
541 2910 680 2968 mortuos
703 2904 813 2969 mortis
836 2910 963 2970 auctore
987 2910 1144 2989 prostrato
1166 2903 1373 2970 restauravit.
1425 2903 1485 2984 (25)
1514 2902 1555 2964 Et
1576 2899 1651 2967 ilico
1674 2900 1715 2966 de
1738 2901 1914 2985 penetrali-

231 3017 262 3060 55
281 2999 342 3065 hus
365 2999 470 3068 cordis
493 3004 644 3089 sacrilegi
667 3006 792 3090 peccati
815 3006 959 3070 maculas
982 3006 1101 3072 Christi
1125 3025 1233 3072 amore
1256 3005 1392 3089 repulit,
1423 3003 1503 3069 fides
1526 3002 1700 3084 abstraxit,
1727 3003 1814 3068 unda
1837 3023 1915 3086 pnr-

280 3103 369 3187 gavit
394 3111 427 3170 et
448 3105 566 3173 nivalis
589 3107 685 3173 simul
709 3107 828 3174 candor
850 3114 994 3174 terrenos
1017 3108 1162 3174 homines
1186 3107 1325 3193 spiritali
1346 3106 1423 3172 fidei
1446 3107 1628 3172 velamento
1650 3103 1770 3186 induit,
1805 3104 1913 3186 sicque

279 3213 373 3290 pater
401 3195 568 3294 egregins‘
582 3211 752 3295 fidelisque
780 3230 894 3278 servus
923 3211 1105 3295 evangelici
1134 3210 1300 3296 praecepti
1322 3229 1445 3276 memor
1467 3207 1637 3275 commissa
1660 3207 1721 3272 sibi
1743 3227 1764 3270 a
1786 3206 1914 3271 domino

281 3307 367 3375 felici
390 3309 522 3380 faenore
545 3315 759 3400 multiplicata
781 3314 930 3380 restituit.

371 3415 432 3497 (26)
459 3415 702 3499 Aliquantulum
725 3438 801 3484 vero
823 3423 897 3503 post
918 3417 999 3484 baec
1021 3416 1175 3501 temporis
1198 3414 1345 3495 fluxerat,
1373 3433 1444 3479 cum
1460 3412 1627 3498 praecepit
1641 3411 1767 3476 duobus
1783 3417 1915 3476 sanotae
1937 3403 1982 3467 IV

229 3533 260 3577 eo
280 3515 438 3583 ecclesiae
460 3518 600 3600 famulis,
627 3521 718 3586 utin
740 3519 871 3586 flumine
894 3521 980 3602 quod
1002 3521 1093 3585 iuxta
1115 3519 1227 3584 urbem
1246 3515 1443 3602 praeterfluit
1458 3535 1580 3602 paucos
1595 3535 1652 3600 pro
1668 3513 1915 3580 advenientibus

279 3617 387 3700 pisces
411 3631 573 3707 caperent.
620 3625 717 3690 Haud
739 3631 828 3688 mora
851 3623 1031 3708 praeceptis
1055 3621 1225 3700 obediunt,
1251 3620 1357 3705 pisces
1381 3619 1531 3704 capiunt,
1558 3618 1626 3684 lina
1647 3618 1770 3702 legunt,
1796 3615 1840 3680 ad
1862 3636 1917 3682 nr·-

280 3720 353 3786 bem
376 3733 528 3808 remeant,
555 3747 636 3810 quos
659 3727 777 3793 milites
800 3724 856 3808 qni
878 3725 911 3790 in
934 3725 1096 3809 praesidio
1119 3731 1212 3790 crant
1226 3723 1366 3790 civitatis
1380 3721 1553 3789 redeuntes
1568 3720 1747 3788 offendunt.
1801 3720 1861 3802 (21)
1889 3718 1916 3782 11

278 3823 389 3892 hostili
418 3829 481 3895 ritu
507 3830 589 3915 septi
613 3831 778 3916 potiuntur
800 3828 944 3912 piscibus
967 3847 1087 3911 eosque
1110 3827 1195 3892 male
1218 3826 1370 3892 multatos
1393 3823 1505 3909 flagris
1528 3824 1715 3907 relinquunt
1736 3821 1915 3888 exanimes.

278 3927 331 3994 Ad
358 3934 556 4000 sacerdotem
585 3933 698 3999 famuli
729 3931 864 3998 redeunt
886 3938 1025 4014 atquae
1047 3929 1090 3996 iis
1113 3928 1209 3995 simul
1232 3929 1344 3995 ablata
1364 3929 1523 4011 illataque
1546 3927 1677 3993 fuerant
1698 3925 1790 3992 testis
1812 3925 1918 3990 luctus

228 4049 260 4091 55
279 4030 418 4101 edocuit.
471 4039 532 4121 (28)
559 4038 679 4105 Beatus
700 4042 810 4100 tamen
832 4032 978 4118 pontifex
1000 4032 1041 4099 de
1064 4032 1194 4098 amissis
1216 4052 1281 4097 non
1302 4031 1406 4098 doluit
1428 4051 1469 4096 ex
1491 4036 1686 4114 contemptu,
1713 4027 1771 4093 sed
1789 4025 1918 4092 afflictis

279 4139 464 4219 congemuit
485 4161 526 4206 ex
548 4142 677 4207 affectu.
717 4138 813 4203 Illinc
836 4134 1050 4202 constantiam
1066 4135 1153 4220 rigor
1167 4135 1280 4216 tenuit,
1308 4135 1385 4201 hinc
1400 4135 1552 4200 lacrimas
1568 4134 1673 4217 pietas
1689 4130 1784 4196 fudit.
1823 4128 1919 4195 Felix

278 4254 351 4303 cum
374 4240 453 4309 vicit
476 4250 668 4328 contemptu,
700 4239 827 4306 felicior
850 4257 922 4304 cum
945 4238 1051 4303 rictus
1074 4239 1192 4304 affectu
1215 4244 1277 4304 eat.
1330 4241 1390 4322 (29)
1418 4237 1557 4302 Domum
1579 4236 1704 4301 interea
1726 4232 1845 4298 milites
1867 4250 1920 4296 re·
1963 4239 1966 4246 ⁴

276 4347 400 4426 petunt,
428 4345 572 4412 nituntur
594 4343 748 4430 praedam
772 4342 925 4408 edomare
947 4339 1101 4407 flammis:
1130 4341 1275 4408 subiecto
1298 4341 1416 4407 etenim
1437 4341 1514 4424 igne
1530 4339 1695 4405 exundant
1709 4336 1835 4417 latices,
1862 4333 1921 4398 sed

275 4460 358 4508 novo
389 4455 522 4532 repente
552 4446 705 4513 miraculo
735 4444 843 4530 perdit
872 4444 937 4509 vim
967 4443 1098 4511 flamma
1128 4444 1284 4510 desiliens
1307 4451 1339 4510 et
1361 4450 1515 4510 aestuans
1538 4442 1571 4507 in
1594 4460 1723 4506 cassum
1746 4435 1922 4504 furibunda

359 4633 503 4686 21555111.
524 4635 567 4698 55,
589 4635 631 4688 nr.

268 4812 697 4830 Ἢ

350 4941 362 4990 1
385 4941 460 5013 dier]
480 4951 506 4999 51
525 4949 633 5004 5551511
738 4948 897 5000 1555115111-
915 4941 1162 5014 1515555]5555111115
1180 4947 1276 4996 tonitru
1294 4947 1374 5007 fragor
1391 4943 1414 4991 1
1520 4941 1535 4991 2
1554 4947 1580 4990 51
1598 4937 1754 5002 1155555111
1859 4933 1922 4994 1551-

261 5029 319 5077 dflm
335 5028 360 5075 Β
477 5035 673 5089 3115555515
691 5035 803 5100 55515Β
920 5029 1079 5100 4155515555]
1097 5046 1166 5082 5555
1183 5031 1280 5084 addc
1383 5022 1582 5093 rlunspartem]
1602 5023 1776 5076 5555555511
1880 5020 1924 5068 hn-

261 5113 388 5173 1811112*
409 5126 553 5176 nutricula
569 5127 596 5176 Β
702 5117 843 5190 55551555]
863 5133 962 5184 qnoque
980 5119 1074 5169 acen
1179 5117 1303 5168 linsihns
1315 5119 1433 5178 ingerens
1445 5114 1472 5174 S,
1495 5115 1582 5163 usibus
1600 5112 1719 5160 humanis
1738 5107 1889 5170 lugerensb

255 5199 426 5254 tmmlwtioni
439 5215 587 5272 praebens
600 5213 733 5264 memoriae
748 5211 768 5258 B
869 5207 883 5256 'l
901 5209 986 5269 ltaque
998 5234 1033 5244 —
1045 5205 1078 5257 28
1090 5201 1276 5273 555111511]555.
1290 5205 1313 5252 B
1416 5199 1447 5249 13
1465 5193 1679 5264 fulminatorum]
1693 5196 1722 5243 Μ
1836 5193 1866 5242 15
1885 5194 1923 5241 ln·

252 5277 353 5346 illim]
373 5283 413 5350 Μ,
437 5299 653 5351 incaluerant,
757 5295 790 5348 26
809 5290 1010 5361 515511551ωυὶ]
1029 5294 1065 5357 Μ,
1086 5291 1302 5344 ualidissimush
1406 5286 1439 5336 29
1458 5280 1530 5351 uero]
1547 5282 1635 5335 cm.B
1741 5274 1810 5345 cum]
1828 5278 1890 5327 etc

247 5361 355 5432 mm]
376 5385 432 5428 om.
450 5387 473 5436 L
614 5386 648 5437 32
666 5380 1084 5449 5555511155151151155155551Β
1191 5375 1220 5445 11]
1238 5378 1278 5426 1515
1296 5377 1319 5424 Β
1437 5371 1469 5421 33
1488 5372 1554 5432 55511
1572 5370 1705 5432 potiuntur
1724 5359 1851 5431 plsclbns]
1869 5375 1926 5423 sep·

243 5456 286 5498 '⁶¹¹³
307 5450 392 5511 (mul
415 5465 460 5535 Μ)
481 5475 524 5524 de
551 5467 1014 5536 5155115551515515555515155111
1139 5458 1435 5529 3111551551]511)1Β
1558 5453 1589 5504 35
1608 5449 1650 5519 de]
1668 5453 1755 5502 om.1,
1870 5444 1926 5513 ι911]

236 5549 278 5583 ⁰³¹³·
294 5533 318 5580 B
434 5557 468 5612 36
490 5561 573 5609 11115
596 5586 640 5596 -
658 5558 740 5608 151511
844 5552 955 5614 uigorL
1066 5555 1100 5608 99
1119 5547 1192 5618 igne]
1209 5553 1379 5611 contemptum
1398 5538 1505 5592 55151.Βῖ
1610 5538 1765 5587 exultanth
1870 5527 1925 5598 sed]

231 5619 312 5667 ’ΜΒ
427 5643 463 5698 39
485 5645 669 5695 furibunda
686 5646 714 5692 tn
733 5657 832 5692 5555555
849 5645 947 5690 5551551
965 5638 988 5686 Β

298 5717 440 5788 vunan„
455 5748 676 5790 Fons-vrum.
1713 5723 1739 5763 Q
