4336 6262
849 346 942 402 VITA
961 345 1077 402 ΒΕΑΤΙ
1096 345 1281 403 liAVRILII.
1839 348 1879 411 83

245 561 310 626 que
331 539 452 606 idolum
476 538 671 605 destruxerit
692 545 725 603 et
747 538 918 603 ecclesiam
942 536 986 601 ibi
1008 536 1221 602 construxerit
1242 542 1276 602 et
1299 537 1501 621 postmodum
1524 537 1615 602 illam
1638 535 1753 601 diebus
1772 535 1881 600 multis

245 643 417 710 incoluerit
439 650 473 710 et
494 643 612 708 multas
634 639 679 706 ibi
702 660 761 725 per
784 659 858 705 enm
881 639 1029 705 dominus
1051 639 1186 705 virtutes
1208 639 1331 706 fecerit.

332 746 392 811 III.
419 745 565 824 Qualiter
587 746 620 810 in
642 745 836 810 Pociacense
860 743 940 809 villa
962 741 1124 825 quendam
1147 742 1308 809 hominem
1331 744 1502 808 Saturnum
1525 743 1653 808 nomine
1676 743 1789 808 ambas
1813 763 1882 807 rna-

245 868 308 914 nus
332 868 372 914 ex
396 855 485 916 uteru
508 848 620 914 matris
643 866 722 913 suae
745 845 853 912 aridas
876 845 1049 912 habentem
1073 851 1160 910 tactu
1183 853 1216 911 et
1237 844 1460 912 benedictione
1483 847 1620 912 sanavit.

213 979 226 1016 a
332 951 387 1016 lV.
414 952 561 1030 Qualiter
587 950 749 1036 quandam
778 949 944 1015 mulierem
968 949 1218 1015 Namnetensem
1248 950 1315 1016 solo
1346 950 1462 1016 intuitu
1493 970 1513 1015 a
1542 949 1711 1016 daemonio
1734 949 1883 1016 liberavit

247 1062 279 1122 et
302 1056 504 1142 postmodum
528 1055 558 1120 ei
581 1055 690 1120 lumen
712 1051 866 1119 reddidit.

333 1158 371 1223 V.
398 1157 545 1237 Qualiter
576 1155 736 1240 quendam
766 1175 915 1240 pecorum
945 1160 1107 1240 pastorem
1131 1175 1226 1238 quem
1248 1157 1360 1241 vipera
1382 1156 1595 1223 momorderat
1617 1155 1658 1221 de
1681 1155 1786 1222 saliva
1808 1176 1882 1241 pro-

245 1261 317 1347 pria
340 1263 432 1345 sfgno
455 1262 560 1327 crucis
583 1281 680 1346 super
702 1260 893 1325 vulnusculo
915 1259 1039 1325 bestiae
1062 1259 1211 1344 imposito
1234 1261 1372 1327 sanavit.

332 1365 388 1429 Vl.
414 1364 561 1443 Qualiter
591 1363 719 1430 cuidam
749 1362 909 1447 pernobili
931 1369 1098 1429 matronae
1122 1363 1223 1429 sterili
1247 1363 1347 1428 filium
1370 1363 1591 1449 impetraverit
1612 1363 1784 1447 ipsumque
1807 1364 1883 1428 abs-

197 1493 226 1534 ιο
247 1488 310 1550 que
340 1469 422 1534 dono
453 1467 651 1554 septiformis
675 1466 805 1551 spiritus
828 1465 932 1532 sancti
954 1465 1140 1532 defunctum
1164 1474 1237 1551 post
1259 1467 1429 1551 septimum
1455 1465 1667 1551 depositionis
1689 1485 1808 1532 annum
1832 1486 1883 1531 re-

247 1571 450 1637 suscitaverit
479 1577 512 1637 et
540 1569 741 1656 postmodum
772 1576 808 1635 ut
835 1577 907 1654 post
937 1589 973 1635 se
1004 1570 1174 1655 episcopus
1205 1569 1451 1636 Andecavorum
1479 1569 1570 1636 fieret
1599 1568 1688 1655 apud
1718 1569 1882 1634 dominum

247 1674 432 1741 obtinuerit.

334 1777 405 1841 VII.
432 1777 578 1855 Qualiter
606 1776 639 1841 in
661 1775 795 1861 praedio
817 1776 946 1841 nomine
970 1775 1129 1842 Prisciaco
1153 1777 1291 1842 alterum
1314 1776 1435 1842 idolum
1459 1775 1586 1842 domiuo
1609 1783 1801 1860 cooperante
1825 1775 1882 1842 de-

248 1881 398 1946 struxerit
421 1888 452 1946 et
474 1879 677 1965 postmodum
700 1879 746 1944 ibi
769 1879 958 1945 honorabile
980 1878 1211 1945 monasterium
1234 1879 1456 1946 construxerit.
1725 1889 1726 1892 ’

198 2009 227 2049 rs
334 1982 421 2049 VIII.
448 1984 594 2061 Qualiter
622 1983 784 2067 quendam
814 1981 1004 2048 monachum
1032 1982 1118 2049 datis
1142 1983 1340 2049 solummodo
1363 1983 1502 2066 eulogiis
1526 2004 1546 2048 a
1569 1981 1770 2048 validissima
1793 1981 1881 2047 febre

247 2105 343 2169 quam
365 2106 423 2170 per
444 2093 510 2152 tres
532 2106 633 2153 annos
656 2086 833 2172 pertulerat
854 2087 993 2152 sanavit.

334 2189 392 2254 lX.
419 2189 566 2268 Qualiter
595 2190 756 2275 captivum
789 2189 844 2270 qui
867 2189 1059 2256 vendendus
1082 2188 1260 2256 ducebatur
1282 2209 1302 2254 a
1325 2190 1456 2256 servitio
1479 2190 1666 2257 liberaverit
1687 2197 1720 2255 et
1741 2194 1883 2274 postmo-

248 2293 324 2359 dum
347 2293 582 2377 negociatorem
606 2293 769 2359 dominum
794 2293 899 2377 ipsius
922 2292 963 2359 de
985 2300 1086 2359 morte
1109 2293 1359 2359 resuscitaverit.

332 2397 375 2461 X.
401 2397 547 2475 Qualiter
571 2397 605 2462 in
628 2398 753 2482 Ligeris
776 2395 909 2463 flumine
931 2397 1087 2481 quosdam
1112 2397 1318 2481 navigatores
1340 2396 1545 2482 naufragium
1569 2395 1767 2482 perferentes
1790 2395 1882 2477 signo

194 2525 225 2566 ao
247 2507 379 2566 sanctae
403 2502 506 2568 crucis
530 2501 723 2568 liberaverit.

332 2604 391 2669 Xl.
418 2603 565 2682 Qualiter
593 2605 754 2687 quendam
784 2606 940 2670 latronem
971 2605 1025 2688 qui
1048 2605 1186 2671 asellum
1210 2605 1313 2690 ipsius
1335 2604 1460 2671 furatus
1483 2612 1553 2671 eret
1575 2612 1736 2688 arreptum
1761 2623 1781 2667 a
1804 2602 1883 2667 dac-

246 2706 353 2771 monio
376 2707 573 2774 liberaverit.

333 2809 407 2873 XII.
434 2810 580 2887 Qualiter
608 2810 770 2891 quandam
801 2817 982 2876 matronam
1004 2809 1165 2876 Ameliam
1196 2811 1323 2878 nomine
1354 2811 1491 2876 visitans
1522 2811 1591 2876 sola
1619 2810 1802 2877 inunctione
1829 2830 1883 2874 sa-

247 2911 383 2977 navarit.

196 3037 227 3077 aa
334 3013 426 3080 XIII.
453 3015 600 3092 Qualiter
622 3015 663 3081 de
686 3014 756 3080 vico
772 3015 919 3082 Calonna
941 3023 973 3081 et
996 3035 1056 3082 sua
1079 3015 1209 3100 propria
1231 3016 1370 3082 ecclesia
1394 3037 1452 3100 per
1473 3016 1539 3081 vim
1561 3023 1725 3082 extractus
1748 3016 1791 3081 ad
1812 3017 1883 3099 epi-

247 3124 398 3201 scopatus
420 3117 572 3184 honorem
594 3139 653 3204 per
675 3120 807 3184 beatum
831 3119 1003 3185 Martinum
1019 3121 1218 3184 Turonorum
1242 3119 1520 3204 archiepiscopum
1543 3126 1575 3185 et
1597 3119 1755 3202 reliquum
1779 3139 1883 3203 popu-

246 3219 313 3283 lum
338 3220 451 3304 spiritu
474 3228 586 3288 sancto
609 3221 642 3287 in
665 3222 773 3307 specie
797 3222 1036 3288 demonstrante
1058 3223 1225 3288 columbae
1249 3224 1371 3288 electus
1395 3229 1427 3288 et
1449 3222 1615 3290 ordinatus
1639 3222 1690 3289 sit.

333 3323 421 3388 XIV.
448 3325 563 3402 QuaIIs
590 3333 662 3410 post
683 3327 918 3393 ordinationem
941 3327 1055 3394 beatus
1078 3325 1248 3392 Maurilius
1271 3327 1413 3393 extiterit
1437 3333 1469 3392 et
1491 3326 1570 3410 quid
1592 3346 1649 3411 pro
1672 3346 1710 3392 eo
1732 3325 1882 3391 dominns

247 3424 432 3509 frequenter
454 3434 604 3512 operatus
628 3429 735 3495 fucrit.
901 3427 902 3430 ’

196 3555 227 3593 uo
334 3531 405 3596 XV.
431 3532 494 3596 Vbi
516 3532 677 3614 quendam
700 3552 740 3598 ex
763 3539 853 3598 utero
877 3533 989 3598 matris
1012 3551 1091 3598 suae
1114 3552 1245 3602 caecum
1269 3533 1361 3616 signo
1385 3539 1518 3598 sanctae
1541 3532 1643 3598 crucis
1672 3531 1879 3598 illuminavit.

334 3634 421 3698 XVI.
448 3634 595 3713 Qualiter
617 3655 750 3719 puerum
774 3635 815 3701 de
839 3656 901 3720 qno
925 3656 1024 3720 supra
1046 3635 1197 3715 diximus,
1225 3634 1372 3718 quisine
1397 3637 1556 3702 crismatis
1579 3635 1661 3700 dono
1684 3642 1877 3716 excesserat,
1907 3681 1912 3690 -

246 3756 340 3820 quem
370 3745 460 3803 trans
483 3757 570 3804 mure
592 3739 717 3823 positus
739 3759 797 3822 per
819 3758 871 3804 vrr
894 3759 995 3805 annos
1018 3741 1206 3824 planxerat,
1240 3747 1313 3823 post
1335 3739 1507 3824 septimum
1531 3737 1740 3824 depositionis
1763 3758 1882 3804 annum

246 3839 430 3905 Andecavis
453 3847 618 3908 revertens
640 3841 890 3924 resuscitaverit,
917 3863 1012 3927 quem
1036 3843 1143 3923 etiam,
1172 3840 1248 3908 dum
1272 3843 1483 3924 confirmaret,
1509 3844 1669 3909 Renatum
1691 3842 1877 3923 nominavit,

246 3949 279 4008 et
301 3950 374 4028 post
395 3963 431 4009 se
454 3951 489 4009 ut
511 3944 680 4030 episcopus
703 3944 795 4011 fieret
817 3945 1061 4012 Andecavorum
1085 3965 1157 4012 cum
1182 3945 1310 4011 domino
1333 3945 1563 4031 impetraverit.

195 4069 226 4109 as
332 4046 435 4111 XVll.
462 4046 609 4125 Qualiter
631 4047 794 4114 hominem
821 4049 876 4132 qui
899 4048 951 4114 die
981 4047 1141 4115 dominico
1173 4049 1300 4134 operari
1331 4056 1594 4134 praesumpserat
1621 4048 1731 4114 divina
1761 4049 1882 4116 ultione

248 4146 456 4235 dampnatum
479 4151 653 4217 sanaverit.

333 4252 453 4317 XVIII.
480 4252 627 4331 Qualiter
654 4255 789 4322 alterum
814 4256 981 4340 Belgicum
1012 4256 1140 4322 nomine
1163 4277 1220 4342 pro
1244 4255 1342 4322 simili
1366 4255 1548 4322 temeritate
1571 4263 1735 4322 caecatum
1759 4256 1882 4322 illumi-

246 4355 383 4420 naverit.

332 4458 423 4523 XIX.
450 4458 595 4537 Qualiter
617 4461 853 4547 impetraverit,
890 4470 924 4528 ut
946 4482 1003 4548 per
1024 4481 1096 4528 xxx
1120 4481 1222 4528 annos
1244 4462 1361 4545 quibus
1385 4461 1569 4528 Andecavis
1592 4463 1762 4548 episcopus
1785 4484 1880 4549 prae-

193 4583 226 4624 co
247 4561 309 4627 fuit
336 4561 445 4626 vinum
477 4569 509 4628 et
539 4563 677 4630 triticum
706 4571 739 4631 et
767 4572 894 4632 ceterae
918 4586 1041 4632 merces
1064 4587 1123 4650 per
1144 4572 1245 4631 totum
1268 4564 1533 4631 Andecavensem
1558 4585 1677 4652 pagum
1700 4567 1882 4648 aequaliter

246 4662 471 4730 venderentur.
1955 4673 1957 4676 ’

333 4768 396 4833 XX
400 4819 1855 4838 .........................................

332 4870 424 4935 XXI.
451 4870 598 4949 Qualiter
619 4894 640 4938 a
662 4874 895 4942 Cinomannica
917 4875 995 4942 urbe
1018 4876 1206 4960 regrediens
1229 4875 1391 4960 quendam
1415 4895 1550 4960 puerum
1574 4876 1724 4960 paralisis
1749 4876 1880 4941 humore

245 4973 413 5038 incurvum
437 4993 496 5040 sua
518 4976 662 5042 oratIone
685 4978 824 5044 sanavit.

193 5099 227 5139 rs
333 5077 441 5142 XXII.
467 5077 612 5156 Qualiter
633 5099 734 5146 naves
751 5081 823 5146 Lidi
846 5080 987 5148 fluminis
1009 5083 1052 5149 ad
1074 5083 1180 5168 ipsum
1197 5081 1470 5148 transfretandum
1487 5088 1599 5166 sponte
1615 5101 1656 5148 ex
1671 5081 1774 5147 altera
1789 5088 1880 5165 parte

245 5179 279 5246 in
301 5181 438 5246 alteram
461 5189 628 5248 venerunt.

248 5410 660 5418 ————-————-—

334 5562 536 5625 3qnxndsmG
652 5562 682 5612 ti
701 5564 853 5626 optinuitP
963 5565 993 5616 13
1012 5566 1171 5616 destruxerat
1191 5567 1214 5614 P
1319 5564 1349 5614 ri
1368 5565 1584 5614 constmxeratl’
1687 5565 1880 5616 clausmors

245 5646 268 5694 0
375 5648 408 5698 42
427 5651 531 5699 titulum
550 5649 599 5699 XX
617 5664 666 5699 om.
685 5650 736 5713 GP,
757 5652 867 5714 qualiter
885 5653 992 5702 altarum
1011 5652 1106 5702 idolum
1125 5654 1281 5703 destruxerit
1298 5651 1379 5712 suppl.
1395 5650 1496 5700 Burdier
1601 5651 1633 5701 43
1652 5651 1796 5701 radtensl’

1616 5754 1670 5805 li*
