4290 6194
296 294 336 358 58
603 289 800 350 OPVSGVLA
819 289 1012 348 vauau'rlo
1030 289 1259 348 FORTVNATO
1277 289 1381 346 MALE
1399 288 1626 347 ATTRIBVTA

295 482 438 566 miroque
461 487 593 566 repente
616 481 710 547 modo
731 481 924 548 indurantur
945 481 1050 566 magis
1072 479 1212 548 flammis
1234 479 1342 566 pisces
1357 481 1429 564 lage
1445 487 1568 547 mutata
1582 486 1717 546 naturae
1732 487 1765 547 ct
1777 479 1937 547 intracta-

294 586 378 652 biles
402 585 537 669 durique
560 604 676 653 sensus
698 584 780 651 tanti
802 585 944 651 novitate
967 583 1114 651 miraculi
1137 583 1332 650 molliuntur.
1386 585 1447 667 (30)
1474 583 1603 650 Interea
1625 583 1745 650 milites
1763 585 1807 651 ad
1822 603 1936 652 sacer-

295 689 401 756 dotem
436 694 644 772 concurrunt,
686 687 812 774 direpta
845 687 1003 770 referunt,
1045 688 1183 772 genibus
1218 687 1413 770 adhaerent,
1454 687 1584 754 veniam
1618 687 1770 754 facinoris
1802 695 1932 775 petunt.

294 793 438 877 Ignoscit
460 811 551 859 mens
573 792 695 877 pietate
717 791 966 878 promptissima,
994 791 1095 858 donat
1116 792 1165 858 eis
1187 791 1309 858 crimen
1332 811 1404 857 cum
1427 791 1586 875 piscibus:
1614 809 1688 857 mox
1704 811 1787 875 quae
1803 791 1937 877 direpta

295 896 375 962 focis
408 895 599 962 intemerata
633 895 828 961 duraverant
860 893 998 961 flammis
1031 895 1158 962 reddita
1191 895 1391 962 edomantur.
1456 895 1516 978 (31)
1550 894 1611 960 Hic
1640 895 1756 961 beatus
1786 895 1973 982 pontifexe

294 999 437 1066 oratione
466 997 670 1064 sanctissima
695 999 785 1083 plebi
807 997 933 1065 ferendi
955 999 1180 1065 necessitatem
1202 997 1357 1080 iniuriae,
1390 997 1545 1064 militibus
1568 998 1831 1065 consuetudinem
1854 1000 1935 1065 ahs-

294 1101 367 1168 tulit
393 1100 561 1186 infligendi
590 1101 774 1186 pariterque
804 1101 964 1168 ultricium
994 1101 1044 1168 vis
1072 1101 1213 1169 extincta
1241 1100 1442 1168 flammarum
1474 1109 1507 1168 et
1528 1101 1711 1168 emendatio
1733 1102 1868 1168 militurn
1893 1123 1935 1170 ac

294 1206 405 1291 populi
428 1203 498 1271 furit.
546 1205 726 1271 Praeclaris
749 1204 963 1289 gloriosisque
987 1204 1090 1290 signis
1113 1203 1274 1290 stupenda
1297 1204 1484 1271 succedunt.

246 1307 273 1372 V
388 1311 448 1393 (32)
476 1309 554 1375 Erat
574 1327 703 1392 nanque
725 1309 758 1374 in
781 1308 850 1375 foro
871 1309 905 1373 in
928 1307 1034 1375 altiori
1056 1307 1171 1375 baside
1194 1308 1338 1375 eminens
1361 1308 1600 1390 simulachrum,
1630 1307 1716 1392 quod
1737 1308 1787 1374 vir
1808 1309 1934 1376 beatis-

296 1412 397 1478 simus
423 1413 494 1478 zelo
518 1412 619 1478 divini
641 1412 758 1479 amoris
781 1431 937 1479 accensus
960 1411 1077 1479 deiecit
1098 1419 1195 1496 atquc
1218 1411 1386 1496 confregit.
1432 1412 1470 1476 In
1494 1411 1647 1478 ultionem
1670 1412 1768 1496 igitur
1790 1413 1932 1479 numinis
1959 1431 1993 1472 rc

296 1516 346 1582 sui
369 1515 548 1599 sacrilegae
570 1515 675 1600 plebis
699 1515 870 1582 multitudo
892 1515 1058 1599 consurgit
1079 1535 1117 1581 ac
1139 1515 1329 1601 limphatico
1352 1514 1458 1581 furore
1480 1533 1636 1582 succensa
1656 1535 1810 1601 praesens
1826 1516 1933 1584 bella-

295 1619 355 1686 tori
386 1619 504 1686 Christi
538 1618 703 1684 minitatur
736 1619 881 1685 exitium.
946 1619 1006 1702 (33)
1039 1617 1106 1684 Sed
1138 1617 1187 1684 vir
1220 1617 1427 1684 beatissimus
1455 1625 1587 1685 mortem
1617 1638 1679 1685 non
1709 1619 1815 1684 timuit
1844 1619 1932 1686 vitae

295 1742 415 1789 amore.
464 1722 578 1805 Neque
608 1722 692 1788 enim
719 1722 770 1788 fas
794 1729 862 1788 erat
886 1721 1094 1788 fortissimum
1118 1721 1307 1788 bellatorem
1331 1728 1535 1807 praesentem
1558 1722 1671 1788 timere
1693 1730 1841 1804 mortem,
1874 1723 1934 1807 qui

294 1826 358 1892 ianr
381 1832 546 1892 aeternam
569 1825 787 1911 praesentium
810 1845 914 1892 rerum
938 1830 1123 1910 contemptu
1146 1825 1338 1891 calcaverat.
1386 1825 1500 1908 ltaque
1522 1825 1615 1911 plebs
1638 1825 1735 1891 misso
1758 1845 1824 1892 rem
1847 1846 1935 1891 nun-

294 1931 338 1996 tio
354 1929 422 1996 viro
438 1929 566 1995 cuidam
583 1929 698 2010 defert,
726 1928 780 2014 qui
797 1935 867 1995 erat
880 1927 939 1994 illo
954 1935 1096 2014 tempore
1113 1927 1269 1994 natalium
1285 1928 1467 2014 splendore,
1494 1929 1625 2013 honore,
1653 1929 1774 2014 tytulis,
1801 1931 1928 2015 opibus,
1959 1949 1993 1990 rs

294 2034 484 2100 auctoritate
508 2033 622 2099 ceteris
645 2033 741 2117 longe
764 2031 987 2118 praestantior.
1042 2033 1102 2116 (34)
1130 2031 1298 2098 Contrahit
1319 2031 1371 2098 hic
1395 2033 1591 2098 servulorum
1615 2032 1748 2114 solatia,
1780 2032 1857 2099 sede
1879 2032 1935 2098 in-

295 2143 406 2202 vectus
437 2135 539 2202 curuli
569 2136 680 2202 urbem
709 2134 855 2220 protinus
886 2134 976 2219 petit.
1025 2135 1066 2200 Et
1094 2133 1161 2200 iam
1192 2153 1342 2201 emensus
1363 2135 1440 2216 iter,
1476 2134 1547 2202 dira
1570 2135 1711 2203 fremens
1733 2141 1766 2202 et
1787 2143 1935 2202 exbema

296 2239 462 2320 minitans,
498 2239 569 2304 urbi
599 2238 722 2304 aderat.
777 2241 836 2322 (35)
864 2239 902 2303 In
932 2237 1039 2304 medio
1061 2244 1168 2304 tamen
1191 2245 1301 2323 portae
1323 2237 1429 2323 pridie
1452 2239 1567 2305 heatus
1588 2239 1734 2324 pontifex
1755 2238 1934 2306 orationem

295 2341 338 2406 ad
369 2341 531 2407 dominum
562 2349 665 2408 terrae
694 2347 874 2427 prostratus
904 2339 1041 2406 fuderat.
1089 2341 1159 2420 Quo
1186 2341 1220 2406 in
1243 2341 1312 2407 loco
1335 2341 1414 2408 miro
1437 2347 1568 2427 stupore
1591 2343 1727 2409 haesere
1750 2342 1877 2426 biiuges
1899 2351 1936 2409 et

296 2451 332 2510 ut
360 2444 564 2511 insensibilia
594 2445 720 2529 riguere
750 2444 955 2510 simulachra.
1004 2444 1059 2509 Nil
1090 2450 1191 2528 agunt
1221 2445 1360 2525 stimuli,
1394 2445 1439 2512 nil
1469 2446 1604 2513 verbera
1627 2465 1727 2513 saeva
1748 2445 1930 2530 proficiunt.
1956 2463 1989 2505 ac

301 2550 362 2632 (36)
390 2548 469 2614 Οιιιιι
500 2554 607 2614 autem
636 2547 684 2613 vir
712 2547 770 2613 ille
799 2547 936 2632 insignis
967 2547 1115 2613 miraculi
1144 2548 1286 2614 novitate
1314 2543 1482 2633 perculsus
1514 2549 1556 2614 ad
1583 2549 1803 2615 beatissimum
1826 2549 1933 2614 virum

297 2671 393 2717 sunum
417 2672 458 2718 ex
480 2651 672 2718 necessariis
694 2649 824 2718 mittens
846 2657 948 2734 rogat,
975 2659 1011 2718 ut
1032 2650 1088 2737 pia
1110 2671 1184 2718 eurn
1206 2651 1349 2718 oratione
1371 2651 1556 2718 absolveret
1576 2671 1671 2737 quem
1694 2651 1818 2718 meritis
1837 2651 1933 2735 quasi

296 2754 432 2820 vinculis
461 2755 642 2836 nexuisset,
675 2754 765 2820 haud
792 2773 881 2820 mora
904 2753 1056 2820 sacerdos
1079 2753 1227 2836 advenit,
1261 2761 1412 2840 carpento
1435 2755 1631 2836 devolvitur,
1665 2762 1850 2840 persecutor
1870 2756 1935 2822 ad-

296 2858 408 2924 haeret
430 2857 533 2923 sancti
554 2858 703 2942 genibus,
729 2859 812 2942 rigat
831 2857 933 2942 pedes
949 2857 1099 2938 lacrimis,
1126 2863 1294 2942 peccatum
1311 2857 1439 2939 fatetur,
1465 2859 1546 2942 petit
1561 2858 1727 2926 auxilium.
1781 2859 1840 2942 (37)
1869 2860 1935 2924 Vix

296 2962 395 3028 verba
417 2961 635 3047 compleverat
657 2968 690 3026 et
711 2961 866 3027 animalia
888 2981 971 3045 quac
994 2968 1029 3026 ut
1050 2960 1149 3027 durae
1174 2967 1286 3026 cautes
1308 2961 1474 3045 riguerant
1495 2963 1630 3029 caelitus
1652 2970 1782 3049 recepta
1803 2963 1936 3029 mobili·
1956 2979 1989 3022 ιι

296 3072 361 3131 tate
383 3064 567 3151 praeceptis
590 3065 761 3146 obediunt,
796 3064 935 3147 dumque
960 3063 1080 3130 sanctis
1103 3063 1300 3130 orationibus
1322 3072 1439 3131 natura
1461 3085 1546 3131 nuno
1567 3073 1723 3146 mutatur,
1750 3087 1835 3132 nunc
1857 3067 1935 3133 red-

296 3168 393 3250 ditur,
419 3188 511 3235 mens
534 3167 604 3234 fera
625 3168 714 3253 prius
737 3175 769 3233 et
792 3165 956 3233 dominum
980 3173 1016 3234 ut
1038 3167 1077 3233 de
1101 3167 1191 3233 duris
1215 3167 1361 3234 cautibus
1384 3175 1454 3234 orta
1475 3189 1539 3234 non
1563 3169 1705 3236 sentiens
1728 3169 1834 3235 subito
1855 3169 1936 3236 fidei

296 3273 371 3354 igne
395 3271 609 3338 succenditur.
649 3271 729 3336 Ilico
751 3271 897 3336 maculas
920 3277 1123 3356 peccatorum
1146 3270 1235 3337 unda
1258 3271 1353 3337 diluit
1375 3272 1526 3338 salutaris
1550 3279 1583 3338 et
1597 3273 1832 3339 incredulitatis
1846 3274 1935 3339 nube

297 3375 425 3441 detersa
456 3375 577 3440 clarum
606 3374 727 3461 pectori
757 3374 866 3440 lumen
888 3373 1077 3440 infunditur.
1131 3375 1189 3456 (38)
1218 3375 1347 3440 Interea
1369 3393 1452 3440 unus
1475 3395 1493 3441 e
1516 3375 1648 3441 famulis
1670 3394 1765 3441 cursu
1787 3375 1934 3462 praepeti

297 3477 332 3543 fit
361 3479 510 3545 dominae
538 3477 639 3544 tristis
660 3477 806 3558 nuntius,
841 3496 923 3561 quae
947 3477 1115 3562 repentino
1137 3477 1225 3542 luctu
1248 3478 1398 3563 perculsa
1419 3478 1552 3544 monilia
1576 3478 1705 3564 proicit,
1740 3479 1933 3544 vestimenta
1954 3497 1987 3540 ao

298 3581 485 3668 disrumpit,
520 3581 638 3648 scindit
667 3581 771 3647 crines
794 3599 961 3664 genasque
983 3580 1156 3664 dilacerat,
1189 3580 1306 3664 irrigat
1326 3580 1455 3648 fletibus
1478 3582 1602 3648 vultum
1626 3602 1665 3648 ac
1686 3589 1780 3648 tunso
1803 3588 1933 3666 pectore
1984 3662 1990 3670 .

299 3685 439 3771 suspiria
461 3705 560 3770 aegra
583 3685 747 3771 perfundit
770 3690 803 3750 et
824 3703 908 3750 nunc
932 3683 1128 3751 confractum
1153 3684 1350 3767 mixtumque
1373 3685 1499 3769 pulveri
1524 3685 1687 3751 dominum
1710 3704 1820 3768 suum,
1846 3705 1933 3751 nunc

299 3790 452 3854 amissum
474 3788 568 3873 quasi
592 3787 760 3872 coniugem
783 3786 891 3854 deflet.
943 3788 1004 3872 (39)
1031 3788 1193 3854 Turbatur
1215 3787 1346 3870 domus,
1379 3788 1555 3871 iunguntur
1578 3789 1760 3874 planctibus
1783 3788 1932 3855 dominae

299 3891 450 3958 lacrimae
474 3891 677 3972 famularum,
704 3891 747 3956 ad
769 3891 880 3956 urbem
904 3911 977 3956 mox
1000 3898 1152 3977 properat
1175 3897 1206 3957 et
1229 3885 1364 3957 turbata·
1381 3891 1557 3974 collisaque
1579 3911 1694 3976 gerens
1716 3912 1773 3958 ora
1792 3891 1932 3958 femineo

299 3994 395 4060 simul
425 3993 531 4060 furore
558 3994 610 4059 vel
641 3995 772 4078 planctu
801 3993 988 4077 aggreditur
1010 3994 1220 4086 sacerdotem.
1269 3994 1361 4073 Quae
1384 4000 1419 4060 ut
1441 3995 1646 4076 serenitatem
1669 3995 1800 4062 verendi
1822 3996 1931 4078 vultus
1954 4013 1987 4055 as

299 4097 455 4181 inspexit,
490 4096 595 4163 subito
622 4116 743 4182 pavore
772 4097 972 4163 contremuit.
1025 4089 1085 4182 (40)
1112 4097 1258 4164 Glorioso
1282 4098 1390 4180 itaque
1413 4098 1521 4163 statim
1545 4097 1620 4166 fidei
1643 4099 1751 4165 calore
1774 4105 1933 4164 succensa

299 4201 436 4284 genibus
465 4199 664 4285 provolvitur
693 4199 869 4265 sacerdotis
900 4207 932 4266 et
960 4200 1131 4267 daemonia
1156 4219 1240 4284 quae
1263 4201 1404 4267 dementi
1426 4200 1516 4286 prius
1540 4201 1764 4286 superstitione
1787 4203 1934 4268 coluerat

250 4337 251 4340 ι
299 4303 457 4370 laudabili
486 4303 689 4370 execratione
719 4302 920 4370 condemnat.
969 4303 1044 4390 Ipse
1066 4324 1141 4370 vero
1164 4303 1238 4370 ilico
1262 4323 1333 4370 eam
1357 4304 1431 4369 labe
1453 4305 1619 4389 culparum
1643 4304 1821 4371 emundans
1845 4306 1933 4372 vitae

388 4563 542 4612 ldurantur
559 4563 583 4612 Β
688 4559 724 4630 at]
743 4564 843 4612 tuncB
963 4563 1082 4614 2tantae
1101 4565 1220 4613 nouitatis
1239 4564 1407 4614 miraculiaB
1523 4565 1711 4630 dpromptah
1814 4566 1898 4616 hlsB

299 4663 406 4712 moxque
424 4652 466 4713 qul
485 4650 579 4712 direpti
597 4651 659 4700 loeis
680 4650 747 4711 (forts
767 4650 795 4710 L]
818 4651 961 4700 lrrtarneratl
982 4651 1051 4714 (pace
1070 4656 1189 4698 temerata
1207 4651 1237 4713 L)
1258 4650 1282 4698 Β
1395 4650 1410 4698 5
1429 4651 1568 4699 duruerant
1586 4651 1608 4699 L
1711 4650 1804 4700 redditi
1821 4651 1853 4713 B,
1874 4653 1935 4702 red-

299 4736 395 4785 duntur
414 4736 448 4798 M,
469 4739 576 4786 redeunt
593 4742 620 4784 at
638 4737 811 4786 domanturL
916 4732 990 4803 lac]
1008 4735 1125 4798 quicshf
1229 4731 1542 4803 ssrgnn]p1ucauas
1646 4734 1794 4805 9nanque]
1812 4752 1860 4788 orn.
1875 4740 1899 4788 Β

299 4825 326 4871 ln
339 4819 433 4891 altiori]
450 4823 568 4873 altiorllt
664 4822 758 4871 haseB
855 4821 886 4871 10
905 4822 1344 4872 diululamorlszaloauccenanaR
1439 4817 1527 4889 atquo]
1547 4823 1607 4871 atB
1705 4820 1899 4890 11ac]cm.1.

299 4907 456 4978 limphatico]
474 4910 624 4958 bellatorum
642 4907 701 4958 add.
716 4909 738 4957 L
843 4921 964 4957 succensa
983 4909 1070 4956 christi
1088 4908 1203 4957 bellatori
1222 4909 1332 4956 minatur
1350 4906 1390 4956 SL
1515 4907 1545 4958 12
1565 4910 1658 4957 metult
1675 4908 1697 4955 Β
1821 4909 1852 4958 14
1872 4907 1936 4980 iam]

299 4996 386 5046 om.L
502 4991 654 5062 crlcanarat]
674 5001 801 5044 meruerat
819 4993 860 5043 SL
976 4997 1123 5044 missorem
1142 4990 1244 5060 nuntio]
1262 4996 1356 5056 accipet,
1378 4996 1453 5044 mlaao
1472 4995 1498 5042 ln
1518 5009 1570 5043 rem
1589 4995 1679 5043 nuntio
1697 4994 1729 5055 B,
1749 4997 1825 5044 misac
1843 4997 1871 5044 ln
1889 5011 1935 5046 ru-

298 5089 383 5131 tenem
402 5085 490 5132 nuntio
509 5084 535 5146 S,
565 5084 636 5130 mtstt
654 5081 819 5130 nuncluml.
969 5080 1000 5130 15
1018 5077 1111 5149 defert]
1128 5081 1159 5142 B,
1190 5081 1266 5130 refert
1283 5081 1311 5141 S,
1340 5081 1458 5129 honorato
1476 5082 1619 5130 nomlnsl.
1758 5078 1812 5148 illo]
1830 5083 1857 5130 in
1876 5083 1900 5131 Β

299 5171 421 5218 natalium
441 5165 583 5236 splendore]
602 5167 687 5217 om.B
792 5167 912 5215 honorum
931 5167 953 5213 1.
1072 5167 1102 5217 16
1121 5162 1173 5234 hic]
1191 5166 1254 5216 laB
1358 5167 1528 5217 seruorumB
1633 5169 1718 5216 urbem
1737 5168 1852 5228 profluus
1871 5167 1934 5217 aeda

299 5257 416 5304 inuectus
434 5258 515 5304 curuli
534 5255 557 5303 L
711 5253 741 5302 17
761 5255 811 5302 iter
829 5253 883 5301 dira
901 5254 1012 5304 fremens
1031 5254 1085 5303 dlra
1104 5255 1125 5302 L
1279 5253 1309 5304 18
1327 5255 1488 5303 beatissimus
1507 5254 1530 5301 Β
1683 5251 1714 5302 19
1732 5251 1858 5302 affuderat
1876 5252 1899 5300 Β

299 5339 411 5408 biiuges]
428 5341 489 5404 RM,
509 5340 543 5402 cf.
564 5341 633 5401 Vero.
649 5341 712 5390 Ata.
728 5341 758 5402 X,
775 5342 834 5399 ost,
855 5340 926 5400 bigae
944 5339 1052 5388 hominia
1071 5341 1141 5388 illius
1158 5340 1317 5389 animaliaL
1422 5338 1454 5388 20
1473 5336 1636 5407 simulachra]
1655 5339 1762 5399 signal.
1869 5337 1934 5386 nlhil

300 5433 378 5487 agunt
395 5429 417 5475 Β
538 5422 650 5492 stimuli]
667 5428 755 5475 famuli
775 5424 803 5472 M
941 5425 971 5474 21
993 5421 1090 5493 autam]
1108 5439 1155 5476 om.
1170 5427 1193 5474 B
1319 5428 1432 5475 ncultatc
1451 5427 1565 5475 miraculi
1584 5427 1607 5473 B
1744 5421 1776 5472 22
1795 5425 1893 5484 rogauit
1911 5425 1934 5474 L

300 5511 331 5561 23
350 5522 494 5575 carpentum
513 5514 536 5562 L
665 5511 696 5561 li
716 5514 809 5562 sanctia
827 5511 850 5559 Β
971 5508 1108 5579 auxilium]
1127 5519 1152 5560 at
1170 5511 1268 5562 adal.
1390 5511 1422 5561 25
1442 5518 1623 5576 compresserat
1643 5510 1671 5558 Μ
1789 5505 1827 5575 at]
1845 5523 1895 5558 om.
1911 5509 1933 5557 L

299 5598 331 5648 26
351 5600 460 5662 dumque
478 5627 511 5636 -
529 5615 555 5660 p.
576 5597 617 5660 59,
640 5599 658 5647 l.
680 5598 711 5648 27
732 5593 822 5664 sensit]
840 5598 925 5648 om.B
1030 5597 1062 5645 37
1082 5595 1206 5666 dementi]
1226 5598 1259 5661 lif,
1281 5585 1380 5648 decenti
1399 5599 1420 5646 L
