4456 6202
696 305 699 312 ’
811 337 905 394 meu
923 337 1060 394 suvcru
1078 335 1261 393 annnam.
1820 337 1859 398 17

232 529 350 594 strictis
382 529 574 611 luminibus,
609 535 644 593 ut
666 527 752 594 unde
774 530 880 594 oleum
903 526 1108 594 benedictum
1129 527 1263 594 iniceret
1284 525 1415 592 luminis
1437 525 1560 592 aditum
1583 546 1647 590 non
1668 529 1857 608 praestaret.

235 633 297 717 (74)
325 634 449 699 Τ1ι111
478 633 640 719 perunctis
669 631 835 717 palpebris
859 631 1000 717 desuper
1021 637 1054 697 et
1076 632 1147 696 loca
1170 631 1297 714 reliqua
1319 629 1452 715 capitis,
1487 628 1630 694 oratione
1653 629 1746 710 data,
1777 647 1862 713 pane

230 743 262 802 et
290 737 359 801 sale
390 736 517 820 signato
547 735 674 802 mulieri
704 735 870 822 praecepit
890 735 934 801 ad
956 735 1153 800 mansionem
1177 755 1212 800 se
1235 733 1384 800 condere.
1431 734 1506 819 Ipse
1529 755 1550 799 a
1571 735 1672 818 primo
1696 752 1806 798 somno
1827 732 1862 798 in

228 839 364 904 oratorio
394 839 548 923 pervigil,
583 838 668 906 circa
697 840 837 906 medium
868 839 972 904 noctis
1001 839 1118 904 mulier
1148 839 1266 904 clamat
1287 837 1445 922 hospitem
1469 855 1504 902 sc
1527 837 1695 902 lacrimare
1717 834 1859 921 profuse.

144 1009 146 1012 .
196 943 311 1007 sTum
334 962 470 1009 accenso
492 942 613 1008 lumine
636 943 677 1007 ab
701 943 866 1009 oculorum
889 962 1034 1026 conpage
1058 941 1160 1007 cernit
1182 961 1313 1006 manere
1337 941 1538 1024 sanguinem.
1590 941 1651 1023 (75)
1680 940 1771 1018 Quae
1790 959 1862 1004 cum

228 1043 341 1112 eodem
364 1065 474 1111 cruore
497 1067 592 1112 manc
616 1046 660 1112 ad
682 1053 827 1112 sanctum
851 1045 957 1128 rediit,
984 1045 1043 1112 sed
1066 1051 1100 1110 et
1119 1045 1191 1129 ipse
1215 1065 1287 1110 cum
1310 1063 1395 1126 aqua
1417 1043 1591 1129 palpebrae
1614 1043 1727 1110 fovens
1750 1049 1782 1110 et
1804 1043 1863 1108 ab

228 1149 337 1232 luens,
372 1149 572 1215 orationibus
595 1149 716 1216 additis
738 1150 850 1216 oculus
873 1169 956 1214 unus
979 1155 1111 1235 apertus
1133 1154 1199 1230 est,
1227 1146 1345 1214 deinde
1369 1147 1470 1214 altero
1492 1152 1646 1232 peruncto
1668 1147 1784 1212 mulier
1806 1145 1863 1212 do.-

227 1273 313 1317 mum
335 1252 517 1319 revertitur.
565 1253 692 1319 Dehinc
714 1253 829 1319 eadem
853 1254 913 1319 sub
936 1260 1028 1318 nocte
1051 1251 1186 1317 nimium
1210 1251 1283 1318 fuso
1307 1251 1482 1334 sanguine,
1516 1250 1787 1336 adpropinquanti
1809 1249 1863 1315 die

228 1354 386 1422 sacerdoti
417 1375 452 1422 se
481 1356 607 1424 obtulit.
661 1359 721 1440 (76)
748 1355 812 1433 Qui
844 1377 916 1422 cum
946 1357 987 1422 de
1018 1356 1107 1440 regis
1129 1375 1262 1421 occursu
1285 1354 1414 1420 domum
1437 1361 1662 1436 reverteretur,
1697 1355 1863 1439 ingressus

179 1483 208 1524 ro
226 1458 260 1524 in
290 1459 480 1541 oratorium,
515 1461 623 1526 statim
652 1460 781 1527 mulieri
812 1462 896 1527 alter
925 1461 1037 1526 oculus
1068 1459 1210 1546 aperitur
1240 1465 1273 1524 et
1294 1465 1478 1544 praestante
1500 1457 1629 1524 domino
1652 1458 1791 1542 gemello
1814 1457 1865 1521 vi·

228 1563 305 1630 dere
328 1584 365 1630 se
388 1563 508 1629 lumine
530 1564 721 1646 gratulatur.

319 1671 380 1752 (77)
409 1666 622 1751 Maguofledis
651 1667 760 1752 puella
790 1686 862 1732 cum
889 1667 1009 1732 talibus
1033 1666 1170 1751 decepta
1192 1665 1392 1732 inluderetur
1412 1665 1557 1745 insidiis,
1591 1673 1626 1732 ut
1647 1665 1797 1750 quotiens
1818 1664 1861 1730 ad
1884 1660 1994 1726 XXVI

229 1771 400 1836 ecclesiam
429 1772 586 1836 voluisset
615 1769 770 1837 accedere
800 1790 947 1854 gressum
979 1771 1086 1837 facere
1117 1790 1179 1836 non
1211 1771 1349 1851 valeret,
1384 1790 1477 1836 servo
1507 1771 1558 1836 dei
1584 1771 1618 1837 in
1640 1770 1721 1836 villa
1743 1770 1866 1834 Savara

229 1880 436 1959 praesentata
464 1881 524 1941 est.
577 1877 638 1960 (78)
666 1874 843 1941 Confestim
873 1882 908 1941 ut
936 1875 1040 1942 sancti
1071 1894 1185 1941 manus
1217 1893 1315 1958 super
1343 1881 1441 1959 caput
1468 1875 1596 1960 puellae
1624 1873 1793 1940 titubantis
1814 1873 1866 1938 in-

181 1979 372 2064 reponitur,
408 1978 465 2045 tali
497 1978 746 2063 investigatione
779 1979 922 2044 occultus
953 1979 1056 2044 hostis
1091 1978 1253 2061 detegitur
1275 1984 1307 2044 ct
1329 1996 1364 2044 se
1387 1977 1442 2043 diu
1466 1979 1600 2044 latuisse
1623 1978 1722 2042 multo
1743 1976 1866 2060 gemitu

231 2081 398 2149 confitetur
420 2101 480 2147 nec
501 2081 536 2146 in
557 2083 645 2148 beati
668 2081 887 2166 praesentiam
910 2082 1029 2148 clamat
1051 2081 1180 2166 proprio
1204 2101 1238 2147 se
1262 2099 1358 2166 posse
1373 2081 1478 2148 celare
1493 2081 1679 2166 praestigio.
1720 2081 1805 2162 Ergo
1820 2079 1867 2146 ita

231 2205 267 2252 se
289 2185 450 2271 proditum
475 2191 507 2250 et
530 2204 734 2269 egressurum
758 2186 850 2270 gravi
874 2185 988 2252 ardore
1012 2186 1229 2267 conqueritur.
1282 2187 1342 2268 (79)
1370 2186 1500 2251 Interim
1517 2205 1581 2251 non
1596 2191 1743 2252 cessante
1759 2203 1868 2250 sacer-

230 2289 304 2355 dote
334 2309 431 2355 manu
462 2309 588 2355 crucem
618 2290 812 2375 depingere,
846 2289 1093 2374 expectantibus
1124 2288 1271 2355 omnibus
1301 2288 1334 2353 in
1364 2308 1494 2354 muscae
1527 2289 1767 2355 similitudinem
1793 2307 1868 2372 pro-

230 2414 400 2478 rumpens,
438 2413 509 2458 cum
541 2394 699 2476 sanguine
733 2392 773 2459 de
803 2394 935 2460 naribus
964 2393 1109 2459 mulieris
1138 2393 1287 2458 inimicus
1317 2411 1469 2476 egressus
1497 2399 1558 2460 est.
1605 2393 1708 2471 Quam
1738 2391 1868 2458 sanitati

180 2519 210 2562 ro
230 2497 425 2579 restitutam,
452 2497 644 2563 monachale
667 2504 759 2564 veste
785 2504 949 2578 mutatam,
977 2497 1030 2563 dei
1054 2496 1185 2563 servitio
1208 2496 1359 2563 traditam
1382 2496 1432 2562 bis
1449 2496 1646 2582 triumphare
1665 2495 1751 2579 fecit,
1777 2496 1869 2561 hoste

231 2601 314 2668 victo
337 2601 390 2668 vel
414 2601 555 2668 saeculo.

322 2707 383 2786 (80)
411 2702 497 2780 Quid
528 2704 612 2770 illud
634 2704 720 2788 quod
743 2704 813 2770 sine
835 2724 925 2770 mora
949 2703 1073 2769 curavit
1095 2702 1234 2770 debilem
1257 2701 1446 2770 dexteram?
1490 2704 1570 2770 Gom
1594 2705 1636 2770 ad
1659 2703 1867 2770 festivitatem
1890 2698 2016 2764 XXVII

232 2807 335 2871 sancti
364 2806 493 2872 Martini
522 2806 659 2872 Turonis
694 2807 901 2888 accessisset,
941 2825 1072 2888 egresso
1106 2805 1146 2872 de
1177 2807 1370 2872 monasterio
1401 2807 1494 2873 offert
1522 2827 1557 2873 se
1587 2807 1702 2873 mulier
1731 2807 1870 2872 barbara

232 2929 330 2975 manu
360 2910 468 2974 nervis
497 2910 661 2993 adtracta,
692 2909 860 2994 postulans
891 2910 1096 2975 medicinam.
1144 2910 1248 2988 Quam
1282 2910 1342 2975 sub
1372 2911 1484 2976 casula
1509 2917 1671 2995 receptam
1694 2929 1752 2976 suo
1775 2921 1869 2994 sputo

183 3036 213 3078 us
232 3012 358 3076 inlitam
387 3013 476 3078 velut
505 3031 652 3098 sparsum
681 3012 805 3078 farinae
837 3014 1006 3080 collectum
1037 3021 1262 3079 commacerat.
1326 3015 1386 3096 (81)
1421 3014 1503 3079 Hinc
1533 3014 1706 3080 resudante
1736 3014 1870 3080 dextera

233 3115 353 3200 digitus
376 3115 480 3182 tendit
502 3123 534 3182 et
556 3116 707 3200 replicat,
735 3123 894 3202 torporem
917 3124 1096 3184 veteratum
1118 3117 1161 3182 ad
1184 3117 1392 3183 vivacitatem
1416 3117 1601 3198 resuscitat,
1628 3125 1661 3182 et
1682 3117 1870 3202 priusquam

232 3219 356 3284 veniret
385 3218 427 3284 ad
449 3219 538 3285 beati
561 3219 691 3286 Martini
713 3220 860 3304 ianuam,
898 3218 1009 3305 digitis
1033 3221 1100 3286 suis
1124 3228 1290 3286 extensam
1314 3220 1456 3287 reddidit
1477 3221 1666 3288 incolomem
1690 3220 1867 3286 dexteram.

233 3321 338 3401 Quam
361 3343 436 3389 mox
459 3323 603 3390 sentiens
626 3343 699 3389 esse
722 3324 878 3390 directam
900 3325 1069 3390 mulierem
1091 3344 1112 3389 a
1135 3343 1171 3390 se
1194 3325 1346 3409 repulsus
1369 3331 1419 3390 est
1440 3324 1607 3408 ingressus
1629 3323 1809 3392 basilicam.
1911 3407 1912 3410 Ἴ

324 3427 386 3511 (82)
413 3426 541 3492 Deinde
573 3427 760 3510 egrediente
791 3428 832 3495 dc
858 3427 1025 3514 praedicta
1047 3428 1201 3509 basilica,
1237 3447 1308 3493 cum
1332 3447 1367 3494 se
1390 3427 1434 3493 ad
1456 3427 1654 3494 mansionem
1677 3447 1791 3494 servus
1813 3425 1867 3492 dei
1890 3423 2033 3488 XXVIII

183 3557 213 3597 uo
235 3530 403 3616 reciperet,
431 3530 526 3596 offert
548 3549 584 3596 se
607 3551 722 3598 manca
745 3532 849 3598 altera
871 3533 981 3618 palma
1004 3531 1114 3615 digitis
1137 3531 1255 3612 adfixa,
1282 3551 1366 3614 quae
1388 3532 1478 3615 prius
1499 3537 1585 3597 tecta
1607 3531 1648 3597 de
1672 3531 1786 3612 saliva,
1812 3530 1871 3596 de-

233 3634 309 3701 hinc
339 3635 410 3700 oleo
433 3640 588 3720 peruncta
611 3634 801 3719 peregriaos
827 3635 960 3702 sanitati
983 3635 1024 3700 de
1048 3634 1211 3720 praesenti
1234 3641 1283 3700 est
1305 3634 1443 3700 reddita.
1491 3635 1576 3700 Nam
1599 3653 1715 3701 causas
1737 3633 1872 3700 infirmi-

234 3738 310 3804 tatis
333 3737 394 3804 hoc
417 3745 487 3804 erat
508 3746 621 3804 sancto
644 3738 713 3805 viro
736 3758 849 3806 curare
871 3738 956 3823 quod
979 3746 1123 3822 tangere.
1550 3743 1554 3751 '

324 3844 385 3926 (83)
413 3842 491 3907 Erat
521 3862 600 3907 sane
631 3842 797 3924 mirabile,
833 3843 979 3925 quotiens
1010 3841 1154 3908 famulus
1177 3842 1230 3907 dei
1253 3842 1295 3908 ad
1317 3843 1577 3926 Augustidunum
1600 3841 1754 3909 voluisset
1776 3861 1869 3908 acce·
1892 3839 2005 3904 XXIX

233 3945 328 4029 dere,
355 3967 429 4012 mox
452 3946 495 4012 ad
518 3953 664 4012 sanctum
688 3946 949 4032 Synphorianum
973 3945 1148 4012 daemones
1171 3946 1371 4013 nuntiabant.
1418 3947 1460 4012 Et
1481 3953 1683 4012 occurrentes
1704 3966 1763 4032 per
1785 3947 1873 4011 Mur-

184 4073 215 4115 os
235 4050 367 4116 vinnum
395 4049 472 4116 fletu
496 4050 683 4134 gemituque
706 4050 906 4116 clamabant:
943 4051 999 4116 Vir
1021 4057 1149 4132 sancte,
1184 4051 1211 4116 si
1235 4050 1276 4116 de
1298 4050 1378 4116 locis
1402 4050 1497 4116 cultis
1519 4071 1577 4116 nos
1599 4050 1873 4117 inconsideranter

235 4154 385 4238 repellis,
418 4153 471 4220 vel
493 4153 641 4220 habitare
665 4154 805 4220 concede
829 4155 982 4220 silvarum
1005 4174 1064 4240 per
1086 4153 1313 4236 solitudinem,
1341 4161 1375 4222 ut
1397 4155 1493 4220 liceat
1515 4155 1641 4221 miseris
1663 4175 1722 4240 per
1744 4154 1873 4222 deserta

237 4275 367 4322 securos
397 4278 514 4332 errare.
562 4259 646 4324 Ante
679 4265 751 4324 tuos
781 4258 890 4324 oculos
920 4279 980 4324 nec
1002 4279 1136 4344 corpora
1157 4277 1215 4324 nos
1238 4259 1346 4324 celant
1365 4279 1426 4324 nec
1447 4279 1588 4325 nemora.
1641 4262 1700 4343 (84)
1729 4258 1792 4338 Qui
1814 4259 1873 4324 de·
1948 4271 1954 4280 ·

235 4357 350 4425 flentes
379 4368 412 4425 et
441 4361 544 4427 sancti
572 4381 635 4427 non
665 4363 840 4428 tolerantes
872 4361 1090 4446 praesentiam
1120 4361 1251 4427 admota
1281 4361 1351 4428 eius
1373 4361 1508 4428 dextera
1530 4363 1570 4428 de
1593 4363 1735 4429 obsessis
1758 4383 1871 4447 corpo-

236 4462 325 4528 ribus
348 4463 471 4548 passim
496 4464 702 4531 vertebantur
723 4465 757 4531 in
780 4465 891 4550 fugam
916 4454 1010 4531 etde
1034 4467 1138 4532 salute
1161 4465 1271 4550 populi
1293 4465 1437 4550 proiecta
1452 4466 1623 4534 daemonia
1638 4467 1868 4533 lamentabant.

183 4591 214 4632 so
328 4569 389 4648 (85)
418 4567 617 4633 Producatur
641 4567 677 4633 in
699 4568 806 4634 medio
830 4569 936 4634 nobile
959 4568 1042 4634 illud
1065 4569 1265 4635 miraculum.
1313 4569 1394 4635 Oum
1417 4570 1639 4654 regrederetur
1660 4570 1806 4656 pontifex
1828 4570 1869 4636 dc
1892 4566 1987 4632 XXX

237 4676 347 4735 sancto
380 4670 621 4756 Synphoriano,
660 4672 795 4738 castello
826 4673 986 4738 Avallone
1012 4672 1075 4738 iter
1105 4691 1206 4756 agens
1234 4672 1429 4756 ingreditur,
1463 4674 1518 4740 ubi
1546 4693 1670 4740 reorum
1701 4673 1871 4740 multitudo

236 4775 429 4840 tenebantur
458 4777 668 4860 ergastulum.
732 4779 794 4861 (86)
820 4777 904 4843 Hinc
932 4777 1112 4866 aNicasio
1141 4776 1441 4863 comiteminvitatus
1471 4778 1513 4843 ad
1543 4776 1713 4862 prandium
1742 4777 1791 4842 vir
1818 4776 1872 4843 doi

325 5053 478 5103 11111110
583 5052 714 5117 Irellquu
733 5056 823 5119 capillo
842 5055 895 5104 loca
911 5051 945 5102 GV
1050 5051 1361 5121 fladpropinquuntIJPG
1466 5055 1630 5117 reingressus
1643 5059 1669 5106 11
1681 5053 1827 5123 oratorium]
1840 5056 1868 5118 P,

235 5139 984 5203 ((ιιο113111111111111111(11,(11111111111111111162
1100 5141 1131 5191 10
1150 5156 1177 5190 ee
1195 5143 1284 5191 uidere
1303 5141 1326 5188 P
1431 5141 1461 5191 12
1480 5144 1637 5204 magnollldls
1655 5143 1678 5190 P
1782 5141 1871 5190 1311-

235 5227 339 5276 1111Ρὶ
446 5227 628 5290 regressumtl
748 5227 778 5278 15
798 5225 889 5294 hostis]
907 5229 937 5292 P,
958 5229 1052 5292 hospes
1074 5229 1117 5291 (G)
1237 5229 1269 5278 16
1286 5226 1466 5295 praesentiam]
1484 5230 1507 5277 P
1612 5228 1870 5278 (7111111111-

235 5314 323 5363 1111Ρ
439 5314 684 5376 tenementum,
705 5316 845 5363 monachali
867 5313 900 5364 02
1016 5315 1215 5366 attularius?
1330 5316 1362 5366 27
1382 5316 1508 5366 reddltP
1619 5314 1652 5365 28
1671 5317 1786 5366 sentiens
1804 5312 1871 5382 esso]

235 5402 345 5449 sentisse
364 5401 387 5448 P
489 5402 607 5464 repulsus
625 5398 675 5468 eet]
693 5401 722 5464 P,
744 5403 880 5463 repulitG
984 5402 1018 5454 29
1037 5399 1193 5470 egrediente]
1212 5417 1240 5452 eo
1258 5403 1317 5453 add.
1339 5401 1372 5452 0²
1477 5403 1510 5452 30
1527 5404 1634 5466 palmam
1649 5402 1680 5449 P¹
1787 5403 1872 5466 quad

236 5487 266 5536 31
287 5485 447 5555 peregrinae]
468 5488 498 5552 P,
518 5491 651 5551 peregrine
673 5489 704 5550 G,
723 5490 851 5551 prlstlnaa·
865 5491 946 5552 vulp„
967 5489 1100 5550 1111111.
1121 5491 1159 5552 11,
1177 5494 1287 5552 71156
1392 5489 1425 5541 33
1444 5487 1574 5556 quotiens]
1591 5492 1650 5552 qula
1668 5491 1784 5552 quotlour
1805 5486 1839 5538 (fi

235 5575 389 5635 agustlduno
410 5573 442 5620 P¹
564 5574 597 5624 34
616 5577 752 5623 murninuo
773 5573 803 5620 P¹
926 5575 958 5626 37
978 5590 1041 5638 quse
1061 5575 1094 5624 P¹
1217 5576 1250 5626 39
1269 5573 1452 5642 lamentabunt]
1472 5576 1537 5640 1²6¹,
1559 5576 1594 5638 cf.
1613 5592 1689 5628 curru.
1710 5593 1769 5639 opp.
1791 5582 1816 5640 1,
1839 5580 1871 5626 19

234 5660 269 5710 lo
291 5657 384 5728 medlo]
403 5661 426 5709 P
529 5661 561 5711 42
580 5658 745 5727 tenebantur]
764 5661 787 5707 P

313 5762 331 5804 V
332 5773 445 5802 eeeeeeee
459 5762 490 5802 Po
492 5773 617 5804 rrrrrrrrr
1644 5767 1659 5816 3
