4456 6202
814 328 827 348 “
913 349 1139 406 nnoosnrvu.
1732 353 1847 420 xxlll

257 584 401 665 quatinus
427 600 464 642 ea
491 581 556 642 siue
582 579 680 642 taedio
703 579 813 640 andire
836 585 863 639 et
885 585 981 639 mente
1003 577 1166 639 recondere
1189 585 1277 659 atque
1296 597 1355 659 per
1377 597 1414 640 ea
1436 580 1477 640 od
1500 599 1633 643 amorem
1656 589 1683 644 ct
1704 582 1846 644 honorem

256 696 346 770 atque
369 686 552 748 devotionem
575 685 625 747 det
646 691 673 746 et
695 685 792 766 ipsius
811 683 992 764 protectoris
1015 683 1066 744 sai
1087 681 1166 744 idem
1185 682 1318 764 populus
1341 683 1479 746 casilini
1499 684 1625 748 calmet.
1667 688 1753 762 Quod
1772 696 1799 751 et
1815 691 1846 751 in

256 791 359 852 eadem
383 790 557 870 caceptione
580 789 673 851 lector
694 796 790 869 potest
812 788 983 866 advertere,
1011 785 1065 848 ubi
1085 789 1232 869 scriptum
1255 795 1316 850 est:
1345 789 1544 854 ‘Studeamus
1556 809 1661 872 pauca
1675 792 1844 870 disserere;

253 895 392 976 plurima
411 891 597 975 praeterire'
627 889 720 974 (inira
733 912 765 975 p.
785 892 838 972 65,
859 891 900 972 8).
941 893 978 954 Et
1000 909 1069 952 cum
1091 893 1161 971 ipsa
1183 894 1320 973 eaceptio
1342 896 1437 975 coepit
1460 894 1582 957 lectione
1606 896 1638 957 in
1657 896 1766 976 populo
1778 895 1848 978 fro-

256 999 400 1080 quentari
420 1004 448 1058 et
468 1017 489 1058 a
511 997 615 1058 multis
634 985 762 1078 propter
784 993 942 1058 brevitatis
964 1013 1039 1057 suae
1059 993 1237 1076 facilitatem
1261 997 1454 1077 transscribi,
1481 1000 1545 1080 ipse
1568 1017 1698 1084 muyans
1713 999 1811 1062 codem
1826 1023 1848 1064 a

255 1100 477 1183 neplepentibus
498 1099 702 1182 neplepentius
721 1100 818 1180 coepit
839 1097 948 1160 baberi
960 1117 1055 1180 usque
1070 1097 1142 1159 dum
1158 1107 1288 1180 tempore
1303 1101 1396 1163 Karli
1405 1103 1567 1182 principis,
1587 1103 1708 1184 quando
1719 1110 1848 1185 propter

256 1203 442 1267 discordiam
462 1211 489 1265 et
508 1205 722 1266 contentionem
738 1203 774 1264 de
787 1203 968 1284 principatu
984 1203 1064 1264 inter
1080 1221 1148 1264 eum
1163 1209 1192 1263 et
1205 1201 1445 1286 ltaqamfredum
1461 1213 1488 1266 et
1499 1205 1676 1287 frequentia
1692 1227 1729 1270 ac
1744 1208 1848 1270 civilia

257 1310 344 1370 immo
364 1306 437 1388 plus
459 1326 551 1389 uitam
573 1308 678 1372 civilio
701 1308 775 1387 qnia
798 1308 942 1368 intestina
964 1314 993 1368 et
1010 1306 1223 1387 parricidalia
1246 1306 1325 1369 bella
1348 1309 1379 1368 in
1397 1310 1588 1372 Germanicis
1612 1317 1640 1372 et
1659 1311 1789 1394 Belpicis
1811 1331 1848 1375 ac

260 1412 430 1475 Gallicanis
454 1411 624 1491 provinciis
652 1411 757 1493 relipio
784 1409 1019 1473 christianitatis
1043 1428 1121 1491 pene
1144 1409 1207 1491 fuit
1233 1410 1361 1489 abolita,
1392 1414 1437 1474 ita
1459 1419 1493 1475 ut
1514 1415 1661 1495 episcopis
1684 1415 1716 1477 in
1738 1417 1848 1496 paucis

258 1518 331 1580 locis
354 1516 487 1579 residuis
511 1516 663 1597 episcopio
686 1515 774 1576 laicis
797 1513 909 1576 donata
933 1521 960 1576 et
978 1532 1036 1595 per
1058 1532 1108 1576 eos
1130 1513 1233 1577 divisa
1247 1514 1338 1577 rebus
1354 1517 1531 1593 eatiterint,·
1554 1517 1630 1580 odeo
1644 1526 1679 1580 ut
1693 1519 1765 1581 Milo
1780 1520 1849 1601 qui·

258 1621 329 1682 dam
351 1627 482 1682 tonsura
504 1619 643 1698 clericus,
670 1617 806 1682 moribus
828 1616 934 1680 babitu
956 1625 984 1679 et
1007 1625 1078 1680 actu
1100 1618 1294 1702 inrelipiosus
1317 1619 1424 1698 laicus,
1452 1621 1605 1702 episcopia
1628 1624 1788 1684 Remorum
1812 1643 1849 1686 ac

261 1726 459 1787 Trevirorum
481 1741 639 1804 usurpans
662 1722 788 1785 insimul
807 1741 865 1804 per
888 1721 1096 1804 quadruplata
1119 1724 1241 1785 circiter
1263 1741 1361 1785 annos
1380 1723 1632 1804 pessumdederit.
1682 1727 1776 1789 Cuius
1799 1729 1849 1789 in-

254 1829 341 1911 felici
362 1835 492 1909 tempore
514 1827 551 1889 de
574 1828 634 1888 istc
654 1827 796 1888 demensi
817 1827 963 1888 aecclesia
984 1845 1045 1887 non
1067 1826 1164 1887 solum
1183 1828 1322 1908 pretiosa
1343 1845 1478 1910 quaeqm
1500 1827 1605 1891 oblata
1624 1828 1769 1911 fuerunt,
1796 1833 1849 1894 sed

260 1939 288 1995 et
310 1932 476 1995 aecclesiae
499 1937 588 2012 atque
610 1930 716 1994 domm
739 1931 951 2013 relipiosorum
973 1929 1145 1993 destructae
1167 1938 1194 1993 et
1216 1949 1267 1993 res
1290 1929 1328 1994 ab
1351 1932 1498 2012 episcopio
1517 1930 1607 2012 fuere
1629 1932 1757 1995 divisae.
1798 1935 1851 1996 Illi

258 2055 373 2119 mnata
391 2037 487 2118 pauci
508 2036 561 2116 qui
582 2042 672 2096 eram
693 2034 813 2096 residui
833 2034 938 2096 clerici
958 2034 1073 2115 nepotio
1096 2035 1208 2096 uictum
1231 2033 1419 2116 minuebant
1440 2043 1468 2097 et
1489 2035 1633 2098 denarios
1649 2055 1723 2118 quos
1739 2039 1850 2100 merci-

257 2142 356 2202 monio
378 2137 596 2223 conquirebant
616 2139 648 2200 in
672 2140 768 2202 cartis
791 2145 818 2200 et
841 2136 990 2200 librorum
1010 2138 1094 2219 foliis
1117 2137 1270 2200 interdum
1287 2137 1433 2220 lipabant.
1473 2139 1582 2220 Sisque
1593 2137 1757 2219 praefatus
1773 2140 1850 2202 liber

257 2263 325 2306 crim
349 2244 421 2305 aliis
440 2243 556 2324 partim
579 2241 732 2303 stillicidio
750 2240 954 2323 putrefactus,
977 2241 1095 2322 partim
1118 2240 1266 2304 soricibus
1289 2259 1450 2319 conrosns,
1473 2243 1590 2322 partim
1610 2241 1756 2324 foliorum
1779 2242 1850 2306 ubs-

258 2348 369 2410 cisione
392 2347 522 2424 divisus,
548 2345 581 2406 in
604 2353 721 2408 tantum
743 2344 882 2425 deperiit,
909 2352 943 2407 ut
962 2363 1065 2426 pauca
1089 2352 1117 2407 et
1137 2344 1280 2425 dispersa
1302 2344 1371 2407 inde
1389 2344 1468 2427 folia
1490 2352 1614 2426 reperto
1633 2345 1760 2428 fuerint.

215 2465 278 2544 Qui
307 2484 411 2550 nuper
436 2464 498 2529 hac
520 2462 561 2529 de
583 2482 618 2528 re
641 2463 840 2549 seripserunt
862 2462 1032 2546 Sohroers,
1063 2461 1222 2528 Hinkmar
1244 2461 1437 2530 Embischof
1454 2482 1518 2528 von
1540 2461 1650 2529 Reims
1672 2485 1704 2548 p.
1732 2468 1794 2530 416
1818 2471 1851 2531 11

214 2585 381 2666 Sohubert,
409 2584 470 2650 Die
485 2583 736 2668 Unterwerfnng
759 2583 817 2650 der
831 2585 1034 2651 Alamannos
1050 2588 1143 2649 unter
1158 2581 1211 2649 die
1226 2583 1379 2649 Franken
1400 2605 1436 2669 p.
1457 2586 1517 2647 135
1533 2603 1616 2669 sqq,
1644 2585 1726 2651 alter
1747 2585 1850 2654 histo-

214 2709 296 2774 riola
315 2706 496 2773 accuratius
518 2725 581 2772 non
604 2704 791 2772 examinata
805 2704 972 2770 Fortunati
995 2702 1092 2769 fidem
1114 2702 1272 2786 tuebatur,
1299 2703 1382 2770 11111
1403 2705 1556 2788 negabat.
1592 2704 1766 2774 codicibus
1789 2708 1849 2774 ad-

215 2828 326 2895 hibitis
350 2825 566 2894 controversis
588 2827 653 2892 iam
676 2824 772 2892 facile
795 2823 998 2891 diiudicatur.
1040 2824 1120 2891 Cum
1142 2822 1177 2889 111
1199 2824 1288 2890 nullo
1311 2843 1407 2907 quem
1422 2823 1533 2892 videre
1549 2825 1640 2892 licuit
1655 2825 1736 2892 libro
1751 2848 1850 2895 manu

215 2949 333 3035 scripto
356 2950 550 3014 Fortunatus
573 2946 659 3013 vitae
674 2944 823 3013 Remedii
846 2945 982 3031 scriptor
1004 2943 1155 3011 laudatus
1177 2943 1230 3026 sit,
1257 2963 1361 3010 sermo
1383 2951 1492 3012 autem
1514 2952 1580 3013 tam
1602 2944 1771 3014 dissimilis
1793 2948 1846 3032 sit,

214 3076 250 3136 111
278 3068 319 3134 de
348 3089 387 3136 eo
416 3075 546 3137 auctore
573 3088 614 3134 111
637 3065 773 3150 eogitari
795 3065 925 3149 quidem
948 3065 1066 3150 possit,
1103 3064 1216 3131 relatio
1239 3064 1347 3132 fidelis
1369 3065 1508 3133 virorum
1530 3066 1754 3152 religiosorum
1776 3089 1850 3154 pro-

213 3195 326 3256 vectae
352 3189 486 3272 aetatis,
521 3187 563 3255 111
586 3208 681 3273 quam
704 3185 896 3253 Hincmarns
917 3192 1084 3272 provocat,
1118 3186 1316 3271 reprobatur.
1364 3187 1467 3254 Locus
1490 3194 1597 3254 autem
1621 3208 1684 3273 quo
1706 3209 1780 3257 enm
1803 3191 1849 3257 uti

215 3310 309 3377 modo
331 3309 471 3378 vidimus
493 3316 529 3375 111
551 3308 658 3375 Vitam
681 3308 812 3375 brevem
835 3328 876 3375 ex
898 3307 1055 3394 ampliore
1079 3313 1262 3393 excerptam
1286 3326 1359 3374 esse
1381 3308 1547 3393 probaret,
1574 3308 1768 3376 scunarium
1791 3331 1849 3395 po-

215 3431 279 3497 tius
302 3430 507 3512 demonstrat,
535 3450 607 3497 cnm
630 3428 753 3496 verbis:
783 3430 963 3494 Studiamns
973 3431 1009 3512 13)
1033 3449 1105 3513 erpo
1117 3448 1220 3511 pauca
1236 3429 1387 3512 deserere,
1409 3432 1549 3512 plurima
1560 3433 1742 3513 praeterire,
1769 3431 1849 3498 haec

214 3551 342 3619 adiecta
372 3551 452 3618 sint:
482 3572 557 3615 nam
587 3554 616 3617 si
637 3560 726 3615 tanta
749 3554 896 3615 virtutum
918 3570 1049 3614 suorum
1071 3553 1207 3634 insipnio
1229 3559 1284 3613 aut
1306 3552 1438 3614 ariditas
1461 3554 1560 3614 nostri
1580 3555 1729 3616 sermonis
1748 3563 1850 3635 posset

215 3675 354 3737 cacolere
377 3682 431 3737 out
452 3676 599 3737 memoria
620 3675 761 3752 retinere,
782 3674 874 3754 prius
895 3671 1007 3734 babere
1026 3679 1148 3752 poterat
1169 3674 1332 3734 terminum
1355 3672 1414 3734 lua
1435 3671 1586 3735 hodierno
1608 3691 1699 3754 11111111
1717 3677 1846 3758 popina.

215 3795 305 3861 Haec
326 3793 519 3860 Hinemarus
542 3798 635 3859 caute
658 3790 852 3877 suppressit,
884 3810 956 3857 cum
978 3789 1100 3856 auctori
1122 3809 1282 3875 anonymo
1304 3791 1410 3858 fontes
1432 3790 1568 3876 scriptos
1591 3792 1698 3859 nullos
1720 3802 1848 3879 praesto

214 3915 315 3982 1111111
344 3916 489 4000 probent.
537 3915 613 3980 Post
639 3912 846 3980 Hincmarum
874 3911 1095 3994 Flodoardus,
1128 3910 1213 3977 Hist.
1238 3913 1329 3977 Rem.
1354 3912 1387 3994 I,
1417 3917 1456 3977 10
1485 3911 1610 3998 (Script.
1636 3913 1729 3998 XIII,
1755 3918 1845 4000 421),

214 4035 320 4102 Vitam
342 4035 517 4103 Fortunato
540 4041 655 4119 poetae
676 4033 728 4100 his
750 4033 858 4100 verbis
880 4032 1041 4100 attribuit:
1069 4043 1103 4097 ut
1126 4037 1312 4098 Fortunatus
1334 4053 1450 4118 quoque
1469 4043 1558 4116 poeta
1580 4044 1683 4098 noster
1705 4040 1830 4102 asserit.

300 4173 358 4239 Est
379 4179 488 4239 autem
510 4173 586 4239 Vita
607 4171 755 4239 Remedii
776 4171 865 4238 houd
887 4170 987 4238 multo
1010 4177 1084 4257 post
1105 4177 1238 4238 mortem
1261 4169 1365 4237 sancti
1388 4171 1573 4257 composita,
1601 4191 1672 4238 oum
1693 4174 1848 4259 Gregorio

215 4293 291 4358 Tur.
317 4291 382 4359 iam
404 4293 610 4360 1111111111.
659 4297 727 4374 Est,
756 4292 924 4377 inquit³⁴),
959 4314 1041 4356 nunc
1068 4293 1145 4356 liber
1171 4296 1252 4356 vitae
1279 4295 1361 4373 eius,
1391 4295 1446 4376 qui
1471 4313 1539 4357 enm
1561 4303 1675 4358 narrat
1696 4305 1847 4360 mortuum

214 4417 392 4496 suscitasse,
424 4421 457 4481 et
477 4413 511 4479 in
534 4412 624 4480 Glor.
651 4413 744 4481 Ocni.
771 4433 799 4480 c.
826 4416 884 4479 78:
915 4423 943 4478 et
968 4416 1107 4477 oratione
1132 4433 1192 4477 sua
1218 4413 1378 4495 defunctae
1403 4415 1540 4478 cadaver
1562 4417 1687 4498 puellae
1716 4417 1849 4482 obtenuit

214 4539 370 4599 suscitari.
417 4535 534 4620 Agitur
555 4535 596 4602 de
619 4535 773 4602 miraculo
794 4533 881 4619 quod
902 4532 937 4600 in
959 4532 1035 4599 Vita
1057 4553 1085 4600 c.
1112 4535 1195 4598 6-8
1218 4539 1383 4600 usmetum
1405 4541 1468 4601 est.

300 4671 437 4739 Codices
459 4692 540 4756 quos
561 4673 677 4754 Waitz,
702 4671 822 4739 Archiv
844 4670 902 4754 XI,
930 4675 990 4736 251
1016 4671 1179 4738 recensuit
1199 4671 1351 4757 permulti
1374 4680 1545 4757 supersunt
1565 4673 1653 4758 iique
1676 4676 1805 4742 vetusti.

215 4792 244 4857 G
371 4792 481 4859 Codex
496 4792 688 4860 Parisiensis
704 4794 838 4860 Latinus
852 4813 901 4858 nr.
924 4795 1037 4875 12598,
1058 4793 1321 4860 membranaceus
1338 4793 1460 4860 formae
1476 4815 1626 4880 magnae,
1652 4815 1738 4863 saec.
1757 4797 1845 4880 VIII,

421 4902 490 4962 erat
519 4895 739 4979 corbeiensis,
779 4902 856 4962 tunc
885 4895 1176 4979 Sangermunensis
1209 4897 1268 4980 (nr.
1298 4899 1380 4961 1045
1411 4897 1465 4964 vel
1497 4901 1610 4983 111101)
1647 4901 1845 4966 monasterii.

422 4997 516 5064 Initio
540 5004 573 5064 et
594 4999 658 5066 fine
679 4999 813 5066 mutilus
836 5019 946 5066 eorum
969 5004 1092 5065 tantum
1116 5006 1296 5067 sanctornm
1316 5000 1407 5066 Vitas
1430 5002 1579 5084 continet,
1606 5002 1662 5087 qui
1683 5003 1849 5070 mensibus

421 5102 603 5169 Novembre
631 5108 664 5170 et
691 5102 870 5169 Decembre
900 5102 1059 5169 coluntur.
1117 5102 1155 5168 In
1184 5102 1291 5171 medio
1319 5109 1411 5170 textu
1440 5104 1535 5172 Vitae
1563 5105 1693 5172 Martini
1722 5105 1843 5192 incipit,

421 5201 641 5271 111.23-25’
671 5205 779 5271 Vitam
801 5204 949 5271 Remedii
978 5225 1064 5272 saec.
1089 5206 1185 5293 IXfX
1211 5207 1362 5273 librarius
1392 5206 1523 5291 quidam
1552 5210 1731 5295 exemplari
1760 5211 1848 5277 nullo

420 5309 565 5375 adhibito
588 5307 782 5391 emendavit,
810 5305 901 5374 cuius
924 5309 1160 5376 emendationis
1181 5311 1262 5377 ratio
1285 5309 1376 5376 nulla
1397 5310 1510 5379 habita
1532 5319 1591 5379 est.
1634 5311 1706 5378 Ful.
1724 5309 1776 5378 25’
1792 5334 1844 5380 ex.

301 5589 342 5652 ³3>
363 5591 433 5638 111111
450 5605 476 5653 p.
491 5589 533 5651 6⁵,
551 5599 574 5639 s.

301 5675 343 5738 34)
363 5676 431 5728 Htst.
452 5675 540 5725 Frunc.
561 5677 597 5736 11,
617 5675 659 5725 ³1.
