4536 6196
992 289 1215 348 FORTVNATI
1233 290 1434 348 casumve

738 481 869 548 assiduo
891 487 987 547 cantu
1009 501 1093 563 quac
1115 481 1248 565 pulvere
1270 481 1345 547 fuse
1366 489 1531 565 precatur,

824 583 1020 669 temporibus
1042 583 1141 667 largis
1163 590 1199 649 ut
1220 583 1278 650 tibi
1301 589 1424 650 constet
1446 604 1542 669 apex.

739 694 811 754 voto
834 688 941 754 animo
964 705 1060 753 senso
1083 686 1190 752 studio
1211 688 1297 752 bone
1319 705 1447 772 semper
1468 686 1596 769 agendo

639 812 685 854 ico
825 790 867 857 sit
888 789 946 857 tibi
969 810 1044 857 cura
1067 790 1134 874 sui,
1162 790 1204 858 sit
1225 810 1348 856 memor
1369 791 1426 856 ille
1448 789 1504 858 tui.

1192 1120 1241 1185 111

1087 1258 1145 1334 Ad
1172 1258 1346 1334 Artachin

737 1431 813 1495 Post
835 1428 960 1514 patriae
983 1428 1108 1494 cineres
1130 1434 1162 1496 et
1185 1428 1327 1495 culmine
1348 1429 1442 1514 lapsa
1464 1435 1649 1514 parentum,

823 1531 911 1615 quod
932 1531 1042 1597 hostili
1064 1531 1133 1598 acie
1155 1538 1242 1598 terra
1263 1531 1429 1616 Thuringa
1450 1531 1541 1613 tulit,

738 1636 766 1702 si
789 1637 902 1719 loquar
923 1635 1065 1701 infausto
1088 1635 1263 1701 certamine
1285 1635 1373 1701 bella
1395 1642 1541 1720 peracta,

823 1757 904 1821 quas
926 1737 1015 1823 prius
1037 1737 1080 1804 ad
1103 1738 1252 1804 lacrimas
1275 1739 1396 1804 femina
1418 1745 1511 1823 rapta
1532 1738 1663 1804 treberi

671 1865 683 1903 ι
737 1842 815 1925 quid
837 1840 916 1907 mibi
937 1840 1015 1907 flere
1036 1846 1153 1907 ‹vacetl
1175 1861 1320 1926 pressam
1343 1841 1427 1907 hano
1450 1841 1562 1906 funere
1585 1848 1714 1925 gentem

822 1966 864 2010 an
887 1945 985 2011 variis
1008 1943 1132 2011 vicibus
1156 1944 1251 2011 dulce
1273 1945 1376 2010 misse
1399 1949 1525 2029 genus?

736 2070 811 2114 nam
835 2054 927 2133 pater
948 2055 1023 2114 ante
1047 2049 1167 2115 cadens
1190 2056 1223 2114 et
1244 2049 1422 2114 avunculus
1443 2047 1519 2114 inde
1542 2055 1672 2114 secutus

822 2151 914 2218 triste
936 2152 1015 2217 mihi
1038 2153 1155 2219 vulnus
1177 2151 1249 2217 fixit
1271 2158 1405 2234 uterque
1428 2171 1557 2237 parcns.

735 2255 897 2324 restiterat
919 2275 1091 2340 germanus
1114 2276 1216 2346 apex,
1243 2255 1303 2321 sed
1325 2261 1410 2322 sorte
1432 2254 1576 2320 nefanda

654 2381 682 2420 ιο
821 2379 873 2426 mc
896 2359 1016 2443 pariter
1037 2360 1160 2425 tumulo
1183 2359 1303 2445 pressit
1325 2358 1447 2425 harena
1469 2378 1538 2424 suo.

735 2463 883 2528 omnibus
906 2463 1054 2552 extinctis
1082 2463 1155 2543 [heu
1177 2462 1303 2529 viscera
1325 2463 1406 2528 dura
1428 2461 1597 2547 dolentis!)

748 2629 750 2632 .
821 2566 876 2649 qui
899 2585 997 2650 super
1019 2585 1102 2631 unus
1125 2585 1213 2648 eras,
1241 2565 1490 2647 Hamalafrcde‚
1515 2565 1613 2632 iaces.

736 2667 783 2735 sic
804 2669 1015 2753 Redegnndis
1038 2669 1122 2735 enim
1144 2675 1217 2754 post
1238 2677 1382 2754 tempora
1404 2669 1502 2753 longa
1523 2668 1686 2752 requiror?

822 2772 954 2858 pertulit
975 2773 1056 2840 haec
1077 2773 1162 2840 tristi
1184 2772 1306 2858 pagina
1326 2779 1435 2838 vestra
1456 2771 1564 2857 loqui?

653 2897 682 2938 ιι
734 2877 801 2944 tale
823 2876 935 2943 venire
957 2876 1014 2942 diu
1036 2877 1205 2962 expectavi
1228 2894 1344 2942 munus
1366 2875 1505 2942 amantis

822 2979 1020 3064 militiaeque
1043 2985 1118 3046 tuae
1140 2980 1224 3047 hanc
1245 2979 1325 3045 mihi
1348 2978 1447 3046 mittis
1469 2999 1562 3065 opem
1570 2985 1585 3043 l

735 3083 849 3170 dirigis
870 3083 934 3150 ista
955 3103 1028 3150 meo
1050 3102 1136 3150 nunc
1158 3083 1262 3150 serica
1282 3083 1406 3150 vellera
1427 3101 1546 3169 penso,

821 3193 873 3270 ut,
899 3187 975 3253 dum
998 3187 1054 3253 fila
1075 3186 1183 3271 traho,
1210 3187 1295 3254 soler
1317 3206 1426 3253 amore
1448 3191 1556 3253 eoror‘.l

735 3289 854 3357 siccine
876 3290 1037 3357 consuluit
1058 3289 1168 3356 valido
1190 3297 1246 3357 tua
1268 3310 1345 3357 cura
1368 3289 1492 3356 dolori?

651 3414 681 3455 no
821 3393 943 3479 primus
965 3400 998 3460 et
1020 3401 1182 3460 extremus
1204 3393 1335 3460 nuntius
1357 3392 1421 3459 ista
1442 3392 1557 3460 duret?

734 3516 794 3563 nos
817 3496 913 3563 aliter
934 3495 1077 3562 lacrimis
1099 3517 1157 3583 per
1178 3504 1252 3563 vota
1274 3497 1471 3563 cucurrimus
1495 3496 1612 3582 amplis
1621 3503 1635 3560 l

821 3620 885 3666 non
907 3606 977 3666 erat
998 3600 1122 3685 optanti
1144 3600 1253 3667 dulcia
1275 3620 1385 3666 amara
1408 3599 1488 3666 dari.

734 3703 833 3770 anxia
854 3703 990 3770 sollicito
1014 3705 1184 3787 torquebar
1205 3711 1337 3789 pectora
1358 3723 1475 3770 sensu:

821 3813 912 3873 tante
933 3806 1033 3872 animi
1055 3806 1155 3873 febris
1178 3808 1229 3872 his
1251 3812 1413 3873 recreatur
1434 3805 1549 3890 equis?

652 3929 682 3970 ua
736 3929 865 3977 cernere
888 3929 951 3975 non
974 3909 1076 3975 merui
1098 3909 1205 3975 vivum
1229 3929 1289 3976 nec
1311 3910 1428 3976 adesse
1451 3909 1639 3994 sepulchro,

822 4012 966 4097 perferor
987 4011 1135 4096 exequiis
1157 4013 1261 4079 altera
1283 4011 1403 4078 damna
1425 4012 1501 4078 tuis.

735 4136 793 4182 cur
812 4122 921 4181 tamen
944 4115 1025 4182 hacc
1047 4135 1219 4182 memorem
1242 4115 1317 4198 tibi,
1345 4135 1418 4182 care
1440 4115 1589 4181 Artechis
1611 4117 1758 4183 alumne.

822 4219 950 4286 fletibus
972 4227 1069 4304 atque
1090 4219 1172 4285 meis
1196 4219 1316 4286 addere
1338 4218 1447 4285 flenda
1469 4219 1556 4285 tuis?

737 4320 910 4388 debueram
932 4321 1039 4407 potius
1062 4322 1220 4388 solamina
1242 4323 1325 4388 ferre
1348 4321 1492 4406 parenti,

653 4445 683 4485 ao
823 4424 881 4491 sed
903 4425 993 4492 dolor
1015 4424 1148 4492 extincti
1171 4426 1256 4509 cogit
1278 4444 1389 4491 amara
1411 4425 1510 4510 loqui.

736 4548 799 4594 non
821 4527 883 4594 fuit
905 4549 945 4594 ex
967 4528 1064 4612 longa
1087 4527 1365 4612 consanguinitate
1388 4528 1601 4613 propinquus,

824 4630 883 4697 sed
905 4631 946 4697 de
968 4630 1067 4696 fratre
1090 4632 1190 4715 patris
1212 4632 1376 4716 proximus
1398 4631 1454 4698 illc
1477 4649 1605 4717 parens.

470 4907 503 4959 98
521 4909 582 4970 sort.
603 4910 684 4970 longle
791 4908 840 4959 loo
859 4909 893 4957 elt
910 4922 1004 4957 memor
1022 4909 1065 4957 llle
1083 4905 1135 4976 tui]
1153 4923 1173 4959 s.
1195 4924 1229 4958 m.
1250 4909 1294 4958 flia
1312 4915 1330 4959 t.
1351 4911 1405 4972 Ba,
1428 4911 1463 4958 sit
1479 4923 1520 4958 me
1538 4910 1644 4958 merllllc
1663 4916 1705 4958 tue
1722 4911 1757 4958 ate
1776 4908 1801 4957 Σ
1932 4977 1934 4980 ¹

473 4997 512 5044 lll
583 4995 608 5044 Σ
624 4996 645 5057 s.
668 4993 715 5044 451
733 4995 776 5043 hcc
794 4999 884 5044 titulo:
904 5009 968 5043 runai
985 5009 1082 5044 erasm
1102 5008 1137 5042 no
1155 5000 1248 5066 ιρίιχη
1335 4999 1372 5045 tlt.
1393 4995 1447 5044 cod.
1471 4995 1564 5045 l’revfr.
1589 4996 1678 5058 (Brcw.
1699 4979 1796 5056 note.
1817 4996 1893 5056 ffel:
1915 5011 2040 5048 anrncnr

401 5094 591 5130 senonensem
610 5095 706 5131 ermom
791 5082 938 5131 Trffhemfae
950 5084 968 5131 t.
983 5096 1003 5130 a.
1024 5083 1053 5130 ln
1066 5095 1172 5144 persona
1184 5082 1346 5143 Radegundls
1358 5081 1430 5130 llb.l
1497 5079 1504 5094 ⁵
1535 5080 1633 5144 2qncd
1648 5079 1684 5146 Σ]
1701 5081 1821 5143 quaeBr.
1907 5084 2042 5154 thoringa]

403 5168 522 5229 thoreoga
542 5166 584 5230 ΣΙ,
605 5169 724 5230 thuringe
743 5165 786 5230 ΣΞ,
807 5171 902 5229 toringa
920 5169 963 5218 Br.
1071 5168 1141 5216 tulllt
1159 5167 1194 5216 Σι
1299 5167 1399 5231 5quod
1418 5167 1443 5216 Σ
1547 5166 1656 5216 (intelle
1675 5167 1699 5215 Σ
1806 5166 1836 5216 11
1855 5167 2043 5240 hamalefrede]

401 5253 570 5302 hamalefrede
589 5251 691 5318 Mn,
713 5254 894 5304 hamalafredus
914 5253 947 5303 Σ1
1055 5253 1086 5304 13
1105 5260 1161 5317 post
1180 5250 1216 5320 Σ]
1235 5268 1281 5317 per
1297 5254 1340 5304 Br.
1458 5253 1489 5304 14
1508 5250 1588 5320 tristi]
1607 5257 1679 5302 triste
1698 5253 1778 5302 ΣΒι.
1886 5262 1973 5305 noema
1994 5259 2041 5312 Bc.

409 5338 439 5388 15
455 5345 567 5401 proeefuf
585 5342 697 5403 spectaui
834 5340 864 5390 le
883 5341 943 5390 heec
962 5341 987 5388 Σ
1121 5340 1150 5390 17
1170 5342 1266 5390 uellere
1286 5339 1320 5387 Σι
1461 5340 1492 5389 19
1510 5342 1546 5389 eie
1565 5342 1636 5389 cinae
1655 5339 1689 5388 ΣΙ
1828 5339 1861 5388 10
1881 5345 1997 5392 nuncius
2019 5347 2046 5394 Σ

406 5424 436 5475 11
457 5427 547 5489 amplle
561 5423 619 5493 Bc]
638 5428 716 5490 ampli
730 5426 774 5488 ΣΙ,
794 5429 876 5489 emple
893 5441 955 5476 coer.
970 5441 999 5476 ex
1009 5430 1091 5488 priore
1103 5431 1240 5478 wesema
1258 5428 1350 5488 amplis
1368 5433 1397 5476 ut
1409 5427 1461 5477 cfd.
1482 5424 1518 5474 Σ1
1622 5424 1654 5474 11
1674 5439 1723 5477 ιιοιι
1742 5434 1796 5474 erat
1814 5421 1849 5491 Σ]
1868 5437 1979 5479 uerrerat
1998 5431 2048 5482 Be.

403 5509 435 5559 nl
454 5513 539 5561 febres
557 5512 582 5561 h.
603 5515 728 5562 recreauit
748 5513 772 5561 Σ
792 5513 861 5574 (sort.
883 5519 978 5561 ιιιιιιιιι
995 5529 1018 5562 e.
1039 5513 1134 5560 febrem
1152 5513 1177 5562 h.
1198 5512 1328 5572 recreauit)
1457 5511 1491 5562 16
1508 5513 1598 5561 efferor
1616 5511 1790 5575 Memmiae,
1811 5512 1870 5573 fort.
1891 5517 1996 5575 perfero
2016 5521 2048 5570 ln

402 5595 434 5646 Yl
454 5611 509 5646 care
528 5596 648 5667 artachls]
666 5613 750 5648 carear
768 5605 793 5647 ta
811 5599 866 5648 cbls
886 5599 919 5656 Σ,
939 5613 994 5648 care
1012 5599 1131 5648 erterehls
1149 5599 1192 5648 Br.
1299 5597 1332 5647 18
1351 5597 1409 5658 sort.
1430 5599 1492 5647 addo
1509 5599 1619 5648 reflanda
