4478 6188
386 256 448 320 XII
1087 253 1316 312 PROOEMIVII.

469 478 633 544 Nonnulla
655 497 781 562 quoque
804 477 929 562 utrique
951 477 1033 544 libro
1056 479 1237 545 communia
1258 480 1366 564 sprevi
1388 485 1424 545 ut

539 603 701 681 aecclesia,
734 603 869 684 4494414,
903 619 1033 682 aequus,
1064 601 1209 683 inaediis,
1240 602 1435 684 depraecari,
1465 619 1607 683 praeces,
1632 602 1821 684 praesbiter,
1844 622 2021 684 praemere,

588 707 761 786 praetiosa,
789 706 946 786 praetium
968 700 1021 768 vel
1041 706 1200 784 praecium
1223 702 1304 786 Iera,
1336 706 1526 788 quaerellas,
1557 740 1599 750 -
1622 706 1884 789 adpropinquanti
1913 704 2021 788 (ubl),

591 810 784 892 conquirens,
803 809 1003 889 conquiritur,
1023 842 1066 854 -
1077 809 1276 891 paraliticum,
1295 843 1339 856 -
1353 808 1429 892 cybi,
1447 807 1561 891 ymber,
1576 844 1621 854 —
1636 810 1754 893 lanpor,
1769 845 1812 855 —
1825 808 1963 891 ydropis,
1980 844 2027 855 —

588 911 725 994 fallatia,
753 911 949 974 mendatium.

470 1049 619 1134 Denique
642 1049 876 1131 Spnpboriouus
906 1067 962 1133 pro
986 1047 1208 1131 Spnsorionus,
1242 1047 1489 1134 Auqastidunum
1516 1067 1573 1134 pro
1595 1047 1820 1134 Apustiduuum
1843 1055 1876 1115 el
1900 1051 2026 1113 011444-

385 1172 523 1236 berettus
545 1189 603 1255 pro
628 1170 813 1233 childeberto
836 1187 964 1253 semper
987 1167 1111 1254 scripsi,
1139 1189 1212 1235 cum
1233 1168 1364 1235 nomina
1385 1169 1419 1234 in
1442 1169 1646 1236 Carminibus
1669 1168 1715 1237 114
1736 1169 1854 1236 tradita
1876 1169 1954 1236 sint.

472 1307 547 1374 Vita
569 1307 603 1373 S.
630 1305 784 1373 Germani
811 1312 843 1371 et
869 1306 903 1372 in
925 1306 1015 1372 Actis
1038 1306 1227 1374 Sanctorum
1250 1315 1283 1375 et
1304 1306 1387 1374 inter
1409 1308 1589 1395 Scriptores
1611 1328 1717 1374 rernm
1739 1308 1968 1374 Francicurum
1992 1315 2028 1374 et

386 1430 471 1496 inter
493 1428 601 1514 Opera
622 1427 789 1494 Fortunati
813 1425 901 1493 edita
923 1434 983 1493 441.

546 1552 669 1630 Sarius,
696 1552 741 1611 De
751 1549 892 1630 probatis
907 1557 1083 1612 structorum
1099 1548 1246 1630 historiis,
1275 1551 1415 1612 Coloniae
1431 1553 1531 1632 tere,
1557 1550 1617 1634 ΠΙ,
1636 1554 1710 1632 410,
1736 1549 1909 1615 edilionem
1932 1549 2028 1634 prifl-

592 1652 696 1738 aipem
719 1671 737 1717 e
760 1650 871 1717 codice
893 1649 1087 1735 interpolato
1108 1652 1251 1737 paravit;
1278 1651 1320 1718 ei.
1339 1651 1424 1719 inira
1445 1673 1478 1737 p.
1500 1656 1550 1734 12,
1570 1663 1603 1714 24
1618 1673 1651 1718 n.
1698 1653 1737 1718 In
1759 1673 1798 1719 eo
1821 1653 1903 1719 libro
1927 1653 1966 1716 ab
1990 1675 2026 1716 eo

591 1758 726 1840 unqseine
748 1775 805 1841 pro
828 1760 1023 1839 perunquiue
1049 1753 1101 1838 (=
1117 1753 1171 1836 (3²,
1198 1754 1284 1821 infra
1307 1776 1340 1840 p.
1364 1758 1416 1839 22,
1436 1757 1478 1841 ta)
1506 1762 1539 1821 41
1561 1756 1725 1840 deseratur
1745 1776 1879 1839 paruum
1903 1766 1930 1820 el
1952 1757 2028 1819 buic

590 1862 688 1923 simite
717 1861 912 1923 miraculum.
960 1861 1074 1923 Mulier
1104 1860 1273 1942 quaedam,
1307 1859 1465 1924 IIoobcrta
1492 1863 1628 1941 nomine,
1662 1862 1746 1942 apud
1768 1861 1894 1924 eandem
1916 1861 2027 1923 urbem

592 1965 757 2046 inflationis
789 1964 947 2046 pustulam
979 1981 1037 2046 pro
1069 1960 1178 2028 verbis
1211 1966 1350 2027 Moverta
1379 1964 1529 2046 quaedam
1561 1967 1702 2028 Parisios
1732 1966 1890 2046 pustulam
1928 1962 2029 2047 (infra

591 2087 625 2152 p.
646 2071 698 2149 25,
719 2067 761 2150 34)
790 2065 910 2150 scripta
933 2071 1036 2131 erunt.

540 2171 703 2252 Mobillon,
723 2167 813 2262 'Acta
835 2179 1012 2234 sanctorum
1034 2171 1153 2234 ordinis
1177 2172 1211 2234 S.
1237 2172 1407 2252 Benedicti,
1445 2174 1575 2234 Parisiis
1600 2175 1698 2254 4668,
1729 2170 1821 2236 Suec.
1847 2170 1873 2252 Ι,
1900 2191 1933 2255 p.
1960 2173 2025 2234 234

591 2271 714 2359 primus
736 2278 860 2339 textum
881 2272 1041 2356 integrum
1065 2271 1184 2356 edidit,
1210 2273 1488 2358 praestantissimo
1511 2273 1622 2340 codiee
1644 2275 1670 2339 P
1693 2293 1788 2357 usus,
1814 2272 2028 2340 4441414141-

502 2413 504 2418 .
591 2376 787 2462 potationem
813 2375 909 2460 (inira
930 2395 962 2459 p.
984 2379 1033 2458 19,
1054 2378 1113 2460 44),
1140 2377 1181 2443 (14
1204 2396 1268 2460 qua
1290 2396 1389 2462 supra
1410 2398 1444 2462 p.
1466 2377 1499 2441 X
1521 2377 1584 2462 egi,
1611 2377 1645 2443 in
1667 2377 1753 2444 notis
1775 2377 1917 2462 protulit.

540 2483 719 2563 Bollandus,
747 2480 823 2545 ricla
845 2490 1032 2561 sanctorum,
1059 2479 1246 2564 Antverpiae
1271 2485 1365 2565 4688,
1391 2481 1468 2547 Mat.
1489 2481 1544 2562 VI,
1571 2483 1633 2546 778
1657 2487 1780 2548 textum
1803 2500 1822 2547 e
1845 2480 1938 2547 Surio
1967 2480 2025 2565 (cs.

592 2583 678 2650 infru
699 2605 733 2670 p.
762 2586 811 2665 12,
838 2585 883 2667 ut]
918 2591 951 2650 41
978 2583 1089 2650 codice
1112 2584 1143 2648 X
1170 2583 1396 2670 interpolatum
1423 2584 1536 2651 edidit.
1583 2585 1741 2651 Adhibuit
1762 2584 1861 2650 etium
1884 2584 2029 2651 Antver-

594 2688 741 2773 piensem
763 2687 925 2773 quendam
948 2687 1103 2754 codicem.

540 2796 694 2877 Itouquet,
729 2795 849 2857 Recueil
871 2793 923 2856 des
946 2793 1109 2856 bestorieus
1132 2794 1185 2856 des
1210 2795 1340 2876 Gaules,
1375 2796 1506 2857 Parisiis
1530 2797 1622 2875 erte,
1656 2792 1714 2874 III,
1742 2794 1816 2874 443,
1846 2790 2028 2876 particulas

595 2894 824 2963 eMubiIIonio
848 2894 1019 2981 excerpsit.

541 3001 637 3064 anbi
657 3020 691 3084 p.
718 3001 758 3064 26
787 2999 837 3082 l=
861 3004 963 3084 Itiqne
985 2997 1197 3081 LXXXVIII,
1224 3020 1256 3084 p.
1285 2999 1381 3083 453),
1415 2998 1595 3065 IIabilIonii
1616 2997 1790 3066 editionem
1813 2998 2029 3083 repetendam

593 3102 718 3170 curarit
739 3109 772 3170 41
793 3110 886 3170 notas
907 3100 1045 3186 addidit,
1071 3122 1153 3187 quas
1176 3102 1355 3169 Bollendus
1377 3103 1481 3170 textui
1503 3103 1694 3170 subiecerat.

972 3463 1036 3546 III.
1064 3464 1176 3547 VI'IA
1203 3464 1240 3548 S.
1268 3463 1438 3547 ALBINI.

476 3659 671 3725 Fortunatus
692 3656 727 3723 in
749 3654 987 3721 Tiueillaceuse
1009 3653 1238 3720 monasterium
1260 3653 1440 3739 proiectus,
1473 3654 1529 3720 ubi
1551 3653 1585 3720 S.
1611 3652 1751 3720 Albinus
1773 3653 2029 3738 Andagavorum

388 3779 561 3864 episeopus
584 3779 740 3845 educatus
762 3782 848 3860 erat,
881 3796 903 3841 a
924 3773 1106 3841 Domitiano
1129 3773 1274 3841 eiusdem
1297 3792 1482 3841 successore
1504 3773 1547 3840 ad
1568 3772 1816 3859 Andagavorum
1840 3775 1953 3842 urbem
1976 3777 2030 3842 vi-

389 3900 523 3966 sendam
545 3898 701 3966 invitatus
724 3905 790 3978 est;
817 3897 859 3963 ef.
885 3896 992 3964 Carm.
1017 3895 1076 3980 XI,
1103 3899 1156 3981 25,
1184 3897 1303 3960 7-10:

792 4038 861 4099 binc
884 4038 961 4099 citus
985 4055 1157 4100 concurrens
1183 4037 1332 4099 Uarianae
1354 4035 1484 4098 deoebor
1507 4037 1616 4112 aulae‚·

884 4141 1097 4204 Tincillaaensi
1114 4139 1258 4222 perferor
1280 4138 1349 4202 Inde
1373 4141 1446 4202 loco.

793 4244 863 4307 binc
885 4263 975 4308 sacer
999 4245 1126 4307 antistes
1148 4244 1255 4325 rapuit
1277 4262 1323 4305 me
1345 4245 1547 4324 Domitianus,

879 4348 921 4410 od
944 4349 1044 4410 sancti
1064 4345 1168 4410 Attius·
1188 4345 1305 4431 qaudia
1323 4345 1405 4429 festa
1428 4347 1564 4410 trudeus.

477 4486 569 4552 Tune
602 4483 739 4570 ‘interut
774 4483 899 4567 reliqua
927 4483 1119 4552 maturitatis
1151 4483 1297 4550 consulta
1326 4481 1368 4549 de
1397 4481 1615 4548 saeratissimo
1648 4481 1716 4549 viro
1738 4483 1856 4548 Albino
1879 4483 2028 4550 antistite

392 4606 596 4673 Domitianus
626 4605 704 4672 iecit
731 4605 869 4672 tenuiter
891 4605 1101 4686 mentionem,
1136 4612 1172 4672 ut
1193 4603 1263 4671 eius
1286 4603 1354 4670 vita
1374 4603 1535 4689 impressa
1557 4603 1678 4670 libellis
1700 4603 1744 4669 ad
1765 4601 2028 4670 aedificationem

392 4727 497 4814 plebis
519 4727 670 4794 humanis
692 4726 758 4791 fixa
780 4725 970 4793 conderetur
991 4725 1025 4791 in
1047 4725 1191 4793 charlis’.
1239 4729 1349 4806 Huius,
1377 4725 1535 4808 tnqaitu),
1562 4729 1610 4788 rei
1631 4727 1772 4807 inpulsor
1794 4725 1919 4808 quidam
1938 4735 2030 4806 post-

390 4853 510 4914 modum
533 4851 680 4914 niandala
702 4858 825 4913 vestrae
847 4849 1042 4911 beatitudinis
1064 4867 1218 4930 assequens
1242 4869 1261 4910 a
1284 4866 1330 4909 me
1352 4849 1381 4910 si
1394 4847 1514 4930 quidem
1530 4866 1697 4909 annuerem
1713 4846 2030 4928 inconperendinatim

392 4971 424 5033 id
451 4973 522 5053 fieri
546 4973 711 5057 flaqitaoit.
760 4970 842 5033 illud
872 4989 944 5032 cero
973 4969 1124 5049 adiciens,
1158 4977 1193 5031 ut
1219 4987 1298 5050 quae
1328 4970 1392 5050 ipse
1421 4968 1458 5030 de
1486 4969 1578 5051 pestis
1601 4969 1701 5030 sancti
1722 4968 1786 5029 uiri
1806 4964 1911 5029 Albini
1934 4969 2030 5031 inccta

388 5093 478 5175 fidem
501 5101 694 5175 conpererat,
720 5112 752 5154 eo
775 5093 950 5154 insinuante
973 5088 1213 5152 indubitabiliter
1231 5091 1444 5171 propalarem.
1492 5085 1628 5172 Scripsit
1649 5083 1749 5169 igitur
1771 5085 1878 5151 Vitam
1901 5085 2026 5153 Albini.

391 5211 574 5280 Domitiano
595 5219 704 5279 autem
726 5231 831 5298 pupae
854 5230 927 5276 eum
950 5229 1022 5276 eam
1043 5207 1246 5293 inscripsisse
1268 5228 1309 5274 ex
1331 5207 1463 5275 exordio
1485 5207 1644 5294 epistolae
1668 5205 1906 5290 dedicatoriae,
1939 5209 2031 5291 quod

482 5491 523 5555 44)
544 5493 583 5543 cr.
604 5491 635 5540 v.
655 5492 745 5540 sisini
763 5507 785 5540 e.
805 5491 825 5540 1.

482 5579 677 5642 mauu
