4478 6188
806 299 1024 390 sevironvn
1042 333 1246 391 ιιιιιιιιιιιι,

421 849 523 928 Quem
545 857 631 916 terra
653 857 769 935 pontus
791 850 924 916 aethera

422 953 531 1019 colunt
551 953 688 1020 adorant
708 953 912 1039 praedicant,

421 1057 538 1123 trinam
561 1064 728 1142 regentem
749 1056 930 1122 machinam

422 1161 595 1237 olauatrnm
618 1160 741 1226 Mariae
763 1160 897 1226 baiulat.

422 1402 484 1470 Cui
505 1402 600 1485 luna,
627 1403 675 1467 sol
698 1407 730 1467 et
753 1402 860 1467 omnia

422 1504 607 1572 deserviunt
628 1525 686 1589 per
708 1512 869 1591 tempora,
888 1574 902 1599 ,

421 1609 554 1694 perfusa
576 1608 660 1674 caeli
681 1609 786 1692 gratia

423 1719 552 1796 gestant
573 1712 704 1797 puellae
727 1711 862 1778 viscera.

423 1954 579 2019 Mirantur
601 1973 677 2038 ergo
700 1953 831 2019 saecula

419 2056 509 2144 ¹quod
532 2056 669 2140 angelus
691 2055 754 2123 sert
775 2056 913 2138 semina,

424 2161 510 2243 quod
531 2180 609 2227 anre
632 2160 723 2243 virgo
745 2159 884 2244 concipit

424 2271 457 2329 et
478 2263 572 2328 corde
596 2263 731 2330 credone
753 2261 898 2348 parturit.

424 2505 527 2570 Beata
549 2511 651 2570 mater
672 2523 822 2588 munero,

424 2607 515 2674 cuius
538 2625 696 2692 unpornus
717 2607 851 2690 artifex,

318 2791 319 2794 Ἴ
425 2710 577 2777 mundum
599 2711 725 2795 pugillo
748 2712 930 2793 continent,

425 2815 546 2883 ventris
569 2815 628 2881 cub
651 2834 727 2880 arca
748 2815 877 2879 clausu·
900 2823 959 2879 est.

424 3333 495 3398 Ave
517 3331 615 3397 maris
638 3331 749 3414 stella,

425 3434 478 3502 dei
500 3442 602 3501 mater
623 3435 709 3500 alma

425 3545 521 3621 atque
545 3558 673 3622 semper
694 3538 801 3620 virgo,

426 3641 506 3709 folin
529 3641 610 3708 caeli
632 3649 736 3728 porta.

426 3849 563 3915 Sumen·
585 3849 668 3916 illud
690 3869 750 3915 avc

426 3952 589 4020 Gabrielis
611 3972 683 4034 ore,

426 4055 527 4123 funda
548 4075 606 4122 noo
628 4056 662 4120 in
684 4075 782 4140 pace,

425 4167 553 4226 mutans
576 4159 665 4226 Evae
688 4179 817 4225 nornen.

426 4365 523 4432 Solve
546 4365 655 4432 vincla
676 4365 757 4446 reio,

425 4469 534 4555 profer
554 4470 664 4534 lumen
687 4467 809 4550 caecis,

426 4573 513 4638 mala
533 4579 642 4638 noaua
663 4572 768 4656 pelle,

426 4677 510 4741 bona
531 4682 646 4741 cuneta
668 4695 774 4760 posce.

426 4883 567 4948 Monstra
588 4888 621 4948 te
643 4900 715 4948 ease
738 4888 887 4964 matrem,

426 4992 532 5052 sumat
554 5005 612 5070 per
633 4991 666 5050 te
688 5005 801 5071 preces

993 695 1070 761 VIII

1224 851 1400 920 Benedicta
1421 855 1504 921 caeli
1526 855 1656 939 nuntio,

1223 953 1361 1022 fecunda
1383 966 1494 1024 canoto
1517 960 1647 1044 spiritu,

1223 1059 1425 1125 desideratus
1447 1063 1598 1145 gentibus

1225 1163 1315 1229 cuiue
1337 1184 1396 1249 per
1417 1165 1524 1231 alvum
1548 1165 1640 1230 lusus
1662 1172 1722 1231 eet.

1225 1473 1252 1539 0
1275 1475 1416 1557 gloriosa
1439 1475 1569 1541 domina

1225 1580 1355 1644 excelsa
1377 1599 1473 1665 nuper
1496 1579 1620 1660 sidera,

1224 1680 1281 1763 qui
1302 1687 1335 1746 te
1358 1681 1479 1747 creavit
1500 1682 1633 1766 provide

1142 1860 1146 1866 ¹
1225 1783 1352 1850 lactasti
1375 1803 1464 1850 sacro
1487 1785 1595 1851 ubere.

1225 1990 1318 2068 Quod
1340 1992 1410 2056 Eva
1432 1991 1532 2057 triade
1554 1993 1688 2059 abstulit

1225 2100 1259 2159 tn
1283 2094 1393 2159 reddis
1416 2096 1501 2161 almo
1523 2096 1683 2179 germine;

1225 2197 1344 2263 lntrent
1365 2205 1401 2263 ut
1422 2204 1511 2263 astra
1533 2196 1679 2281 flebileS,

1227 2301 1309 2365 caeli
1332 2301 1474 2367 fenestra
1496 2299 1582 2367 facta
1604 2323 1651 2368 es.

1227 2508 1278 2572 Tu
1299 2507 1387 2590 regie
1409 2508 1467 2573 alti
1489 2508 1587 2575 ianua

1143 2657 1147 2669 .
1227 2617 1261 2676 et
1281 2618 1374 2697 porta
1397 2611 1477 2678 lucia
1501 2612 1637 2695 fulgida.

1227 2714 1326 2779 vitam
1350 2715 1459 2780 datam
1481 2735 1539 2799 per
1561 2716 1718 2800 virginem

1227 2823 1342 2899 gentes
1364 2817 1550 2903 redemptae
1572 2817 1726 2901 plaudite.

1227 3335 1282 3421 qni
1306 3355 1363 3419 pro
1385 3334 1478 3400 nobis
1499 3340 1594 3401 natus

1228 3438 1301 3503 tulit
1323 3457 1395 3504 esee
1417 3445 1502 3504 tuus.

1228 3645 1325 3730 Virgo
1349 3643 1543 3729 singularia,

1226 3749 1310 3814 inter
1331 3768 1441 3815 omnes
1464 3747 1568 3827 mitis,

1226 3871 1285 3918 nos
1307 3852 1410 3937 culpis
1433 3850 1554 3917 solutos

1227 3957 1321 4022 mites
1343 3955 1396 4020 lac
1418 3961 1449 4020 et
1471 3960 1587 4020 castor.

1229 4161 1335 4227 Vitam
1357 4167 1487 4246 praesta
1508 4180 1636 4246 puram,

1226 4265 1288 4331 iter
1308 4284 1388 4349 para
1409 4271 1530 4345 tutum,

1227 4374 1263 4434 ut
1284 4367 1430 4433 videntes
1454 4367 1561 4433 Iesum

1229 4490 1356 4556 semper
1377 4470 1594 4536 collaetemur.

1228 4677 1277 4743 Sit
1299 4678 1371 4742 laus
1393 4677 1454 4742 deo
1476 4676 1578 4761 patri,

1227 4800 1349 4845 summo
1372 4779 1499 4845 Christo
1522 4779 1637 4860 decue,

1227 4883 1353 4968 spiritui
1375 4889 1503 4966 sancto,

1226 4987 1328 5052 tribus
1350 4986 1450 5052 honor
1472 5006 1566 5052 unua.

287 5285 360 5333 VIII.
380 5284 428 5333 lx.
447 5283 472 5330 x
491 5285 518 5332 lu
532 5282 659 5331 Plomma·
676 5281 804 5341 dymaurio
817 5281 953 5328 Fortunato
966 5280 1085 5345 adscripti
1189 5283 1251 5330 Vlll
1273 5281 1352 5329 Inachi
1363 5296 1390 5342 p.
1403 5281 1451 5326 261
1469 5281 1475 5338 (
1483 5280 1553 5337 VIII,
1569 5279 1604 5339 l),
1627 5279 1719 5325 Duuiel
1733 5279 1747 5323 1
1755 5293 1781 5339 p.
1796 5279 1846 5324 179

217 5371 252 5432 cf.
274 5371 315 5420 IV
330 5386 357 5434 ρ.
373 5372 431 5432 135,
460 5369 533 5417 Mune
552 5369 583 5414 11
597 5383 624 5430 p.
641 5369 698 5416 128.
721 5369 770 5416 199
916 5365 1002 5417 9-12
1025 5383 1073 5418 οιιι.
1093 5369 1166 5418 codd.
1186 5383 1247 5418 cccc.
1392 5366 1422 5414 12
1445 5361 1566 5430 parturit]
1593 5365 1684 5430 accipit
1704 5363 1846 5410 Tlomoutuu

220 5457 250 5507 Π
268 5452 413 5522 bonadteu]
431 5458 503 5505 beata
520 5469 581 5506 rece.
688 5452 717 5502 21
740 5454 834 5503 lomina
850 5453 905 5503 eod.
928 5455 1050 5503 Ilomuu'u'
1154 5453 1187 5505 22
1208 5470 1283 5518 cupra
1300 5455 1369 5504 Dan.

286 5545 323 5592 lx
344 5543 421 5592 ructu
436 5558 461 5605 ρ.
478 5544 527 5592 265
551 5541 634 5604 (VIII,
657 5539 692 5601 ὁ),
714 5540 804 5588 Durulcl
824 5541 839 5585 Ι
852 5555 880 5602 p.
896 5541 946 5589 901
964 5543 997 5604 ef.
1014 5541 1092 5605 le.
1110 5543 1174 5600 136,¹
1194 5541 1229 5602 cf.
1246 5540 1318 5589 Mune
1337 5541 1363 5587 11
1378 5555 1405 5601 p.
1421 5539 1518 5600 216eq.

219 5631 288 5680 Dua.
396 5627 428 5678 28
446 5630 524 5678 honor
541 5629 623 5677 trinua
642 5631 667 5675 et
686 5639 751 5674 unua
770 5625 848 5686 Dua,
870 5628 954 5676 trlnua
971 5627 1050 5676 honor
1068 5643 1144 5688 ιιιιιιι,
1163 5629 1240 5676 honor
1258 5629 1340 5676 trinua
1359 5640 1425 5673 unua
1442 5625 1486 5672 cll.

1628 5535 1643 5584 8
1662 5550 1752 5585 noman
1772 5535 1842 5585 Euae

296 5730 425 5772 Vnumne
439 5729 583 5770 Ionmurru
1606 5725 1639 5775 Ill
