4440 6216
748 352 842 410 vrrs
861 351 1036 410 seueras
1055 352 1311 411 nannounors.
1800 359 1841 422 39

216 563 236 608 a
259 543 445 610 domesticis
467 543 721 628 persecutionem
744 562 910 629 perpessa.
957 544 1027 609 Iam
1049 548 1125 610 tunc
1146 544 1182 610 id
1203 563 1306 628 agens
1328 545 1499 630 infantula,
1529 546 1685 631 quidquid
1706 546 1769 614 sibi
1790 568 1842 614 re-

214 647 389 714 mansisset
409 647 444 714 in
466 665 588 730 mensa,
616 646 759 712 collectis
781 646 935 730 parvulis,
963 647 1077 714 lavans
1102 647 1209 733 capita
1231 648 1379 734 singulis,
1406 651 1582 737 conpositis
1606 651 1743 736 sellulis,
1769 671 1843 736 por-

214 752 324 838 rigens
346 771 464 837 aquam
485 750 645 834 manibus,
671 748 744 836 ipsa
765 749 936 834 inserebat,
965 749 1039 837 ipsa
1060 749 1218 818 miscebat
1239 751 1419 820 infantulis.
1469 755 1510 839 (7)
1537 755 1606 822 Hoc
1629 755 1724 822 etlam
1748 775 1843 841 prae·

214 856 374 923 meditans
404 875 476 922 cum
503 853 675 920 Samuheie
704 854 838 939 parvulo
867 852 984 920 clerico
1013 856 1157 938 gerebat.
1204 857 1306 923 Facta
1332 877 1427 925 cruce
1456 857 1566 942 lignea
1595 858 1842 944 praecedentem

182 981 194 1022 s
213 962 433 1045 subsequens,
465 957 635 1045 psallendo
663 957 706 1024 ad
729 958 900 1024 oratorium
923 977 995 1024 cnm
1017 958 1177 1042 gravitate
1199 967 1325 1027 matura
1346 959 1442 1027 simul
1464 961 1592 1045 parvuli
1613 963 1838 1048 properabant,

213 1071 246 1131 et
272 1065 346 1150 ipsa
375 1071 579 1130 tamencum
602 1081 663 1128 sna
684 1068 774 1128 veste
796 1062 938 1128 nitidans
961 1062 1191 1148 pavimentum.
1239 1063 1333 1130 Circa
1354 1066 1457 1132 altare
1480 1086 1555 1132 vero
1578 1086 1650 1132 cum
1672 1065 1841 1151 facitergio

211 1169 370 1236 iacentem
400 1167 564 1253 pulverem
596 1166 770 1250 colligens,
803 1164 881 1232 ioris
910 1185 983 1232 enm
1005 1163 1186 1234 reverentia
1207 1168 1405 1236 recondebat
1424 1169 1531 1255 potins
1554 1191 1650 1254 qnam
1671 1170 1838 1255 vergebat.

217 1274 257 1358 (8)
284 1272 388 1351 Quam
411 1291 483 1337 cnm
504 1269 708 1356 praeparatis
730 1269 883 1354 expensis
905 1269 1107 1337 Victoriacon
1129 1271 1287 1338 voluisset
1308 1291 1365 1339 rex
1388 1273 1572 1357 praedictus
1594 1273 1752 1359 accipere,
1781 1293 1841 1358 per

212 1376 403 1444 Beralcbam
433 1373 569 1441 Adteias
597 1370 690 1441 nocte
721 1393 792 1440 cum
822 1373 934 1458 paucis
964 1375 1077 1461 elapsa
1106 1382 1166 1442 est.
1213 1375 1341 1442 Deinde
1372 1375 1555 1443 Suessionis
1587 1397 1658 1443 cunr
1688 1397 1760 1443 eam
1790 1375 1843 1442 di-

162 1481 363 1562 abrasisset,
390 1484 428 1545 ut
447 1478 592 1563 reginam
615 1476 772 1561 erigeret,
798 1477 925 1543 evitans
947 1497 1098 1563 pompam
1120 1478 1265 1563 regalem
1286 1499 1329 1546 ne
1351 1467 1480 1546 saeculo
1506 1487 1681 1564 cresceret,
1707 1480 1768 1550 sed
1789 1480 1842 1546 cui

211 1584 389 1652 debebatur
411 1589 444 1649 et
464 1583 606 1648 hnmana
627 1579 732 1666 gloria
754 1600 819 1647 uon
840 1587 991 1647 mutatur.
1290 1603 1292 1608 ·

303 1690 342 1772 (9)
368 1681 470 1754 Nubit
498 1706 574 1771 ergo
604 1692 730 1752 terreno
755 1683 894 1770 principi
915 1705 976 1752 nec
998 1689 1107 1752 tamen
1129 1693 1279 1772 separata
1300 1687 1451 1772 caelesti,
1484 1707 1523 1754 ac
1545 1688 1620 1754 dnm
1644 1687 1707 1755 sibi
1728 1707 1840 1755 acees-
1861 1685 1911 1752 ΙΠ

212 1791 309 1859 sisset
330 1790 508 1859 saecularis
529 1796 684 1877 potestas,
711 1788 816 1873 magis
839 1809 936 1871 qnam
957 1789 1155 1875 permitteret
1178 1789 1321 1876 dignitas
1344 1811 1379 1858 se
1401 1793 1476 1878 pius
1495 1791 1665 1859 inclinavit
1678 1789 1837 1858 voluntas.

212 1895 350 1963 Subdita
373 1913 500 1980 semper
522 1894 594 1978 deo,
621 1897 751 1960 sectans
773 1891 895 1958 monita
918 1893 1130 1975 sacerdotum,
1158 1894 1233 1979 plus
1254 1894 1448 1981 pardcipata
1464 1896 1589 1963 Christo
1607 1916 1703 1979 qnam
1720 1895 1842 1963 sociata

61 2006 81 2030 ·
162 2021 191 2063 rc
211 2000 371 2084 coniugio.
407 2000 469 2066 Illo
492 2018 569 2066 vero
592 1997 651 2064 snb
672 2003 816 2083 tempore
838 2003 1033 2082 temptamus
1056 1998 1239 2085 patefacere
1262 1997 1304 2066 de
1326 2000 1435 2066 multis
1457 2020 1562 2086 panca
1583 2020 1666 2085 qnae
1688 2000 1837 2084 gesserit.

214 2105 275 2188 (10)
302 2103 406 2188 Igitur
434 2101 543 2169 iuncta
565 2099 720 2187 principi,
753 2101 871 2167 timens
893 2121 934 2167 ne
957 2101 1018 2168 deo
1041 2101 1271 2186 degradasset,
1305 2123 1377 2169 cum
1400 2101 1511 2170 mnndi
1533 2104 1637 2189 gradu
1658 2103 1836 2188 proficeret,

209 2227 245 2273 se
275 2227 334 2274 sna
363 2227 435 2273 cnm
457 2206 613 2272 facultate
636 2205 863 2290 eleemosynae
886 2205 1060 2272 dedicavit.
1106 2205 1192 2271 Nam
1215 2225 1286 2271 cum
1310 2205 1373 2272 sibi
1395 2207 1518 2290 aliquid
1541 2208 1582 2274 de
1604 2207 1732 2274 tributis
1755 2206 1840 2273 acci-

209 2311 318 2394 deret,
350 2331 393 2377 ex
424 2309 573 2376 omnibns
602 2328 686 2393 quae
714 2309 880 2375 venissent
907 2315 982 2376 ante
1011 2307 1102 2375 dedit
1132 2309 1275 2376 decimas
1305 2330 1400 2395 qnam
1426 2311 1559 2397 recepit.
1605 2311 1731 2378 Deinde
1754 2311 1839 2394 quod

208 2422 377 2500 supererat
401 2413 607 2481 monasteriis
630 2412 841 2508 dispensabat
863 2419 895 2479 et
918 2413 1050 2497 quoire
1073 2413 1156 2498 pede
1177 2434 1241 2480 non
1263 2419 1389 2498 poterat
1410 2415 1599 2482 transmisso
1622 2435 1754 2482 munere
1778 2413 1840 2480 cir-

157 2540 187 2583 ro
208 2520 326 2586 cuibat.
377 2520 439 2604 (11)
466 2519 497 2584 A
525 2517 617 2583 cuins
646 2516 865 2584 munificentia
893 2537 953 2584 nec
981 2517 1052 2604 ipse
1082 2537 1118 2584 se
1147 2517 1347 2585 abscondere
1376 2520 1478 2604 potuit
1506 2519 1674 2586 heremita.
1722 2519 1776 2585 Sic
1798 2538 1839 2584 ne

207 2629 405 2709 premeretur
432 2643 453 2689 a
483 2621 625 2705 sarcina,
659 2620 747 2704 qnod
776 2628 945 2708 acceperat
966 2621 1133 2706 erogabat.
1180 2621 1276 2708 Apud
1298 2642 1397 2706 quam
1418 2642 1478 2689 nec
1501 2623 1597 2708 egeni
1618 2644 1680 2690 vox
1701 2621 1854 2688 inaniter

208 2727 314 2793 sonuit
340 2745 401 2794 nec
430 2726 504 2811 ipsa
532 2745 605 2792 eam
634 2724 734 2791 surda
761 2725 943 2810 praeteriit,
977 2745 1076 2811 saepe
1106 2726 1230 2791 donans
1252 2725 1458 2810 indumenta,
1492 2727 1627 2794 credens
1651 2726 1710 2792 snb
1732 2724 1839 2811 inopis

207 2836 296 2896 veste
313 2829 433 2895 Christi
454 2829 599 2894 membra
622 2846 657 2894 se
679 2834 806 2911 tegere:
832 2829 894 2894 boe
916 2847 951 2894 se
972 2835 1127 2914 reputans
1142 2828 1378 2913 perderequod
1393 2831 1589 2916 pauperibus
1603 2850 1667 2896 non
1682 2828 1837 2896 dedisset.

298 2935 358 3017 (12)
385 2932 501 2998 Adhuc
523 2931 666 2997 animum
688 2930 825 2998 tendens
848 2932 893 2997 ad
914 2950 995 3018 opus
1018 2930 1274 3017 misericordiae,
1300 2932 1436 2998 Adicias
1459 2931 1589 2999 domum
1610 2932 1747 3014 instruit,
1775 2952 1837 3015 quo
1860 2931 1904 2995 IV

157 3035 299 3104 relectis
329 3037 414 3102 culte
442 3034 633 3119 conpositis,
667 3034 870 3119 congregatis
892 3034 1006 3119 egenis
1029 3035 1176 3119 feminis,
1210 3035 1284 3121 ipsa
1306 3055 1363 3102 eas
1384 3037 1500 3102 lavans
1521 3037 1555 3103 in
1577 3037 1688 3103 termis
1710 3033 1837 3102 morbo-

206 3160 340 3223 rumque
369 3155 484 3206 cnrans
512 3129 717 3224 putredines,
751 3129 890 3204 virorum
920 3139 1027 3225 capita
1056 3139 1197 3221 diluens,
1233 3139 1444 3206 ministerium
1474 3139 1618 3223 iaciens,
1653 3158 1732 3223 qnos
1762 3146 1836 3204 ante

206 3245 332 3310 lavarat
355 3242 477 3310 eisdem
501 3262 561 3308 sna
582 3263 680 3308 manu
703 3241 869 3326 miscebat,
896 3249 932 3309 ut
953 3242 1057 3309 fessos
1081 3243 1122 3309 de
1146 3242 1261 3309 sudore
1285 3249 1414 3328 sumpta
1435 3244 1522 3330 potio
1545 3249 1734 3310 retentaret.
1783 3242 1837 3308 Sic

206 3348 325 3414 devota
356 3347 478 3414 femina
510 3354 587 3412 nata
619 3353 652 3412 et
684 3353 785 3433 nupta
813 3347 942 3432 regina,
982 3347 1096 3432 palatii
1124 3346 1255 3413 domina
1283 3347 1481 3433 pauperibus
1512 3346 1674 3414 serviebat
1702 3346 1833 3412 ancilla.

210 3455 271 3537 (13)
298 3452 336 3517 In
365 3470 477 3517 mensa
506 3470 582 3516 vero
613 3450 798 3516 subocculte
821 3470 862 3516 ne
884 3450 966 3517 forte
988 3456 1234 3535 cognosceretur
1255 3451 1297 3517 ab
1320 3451 1448 3534 aliquo,
1481 3457 1556 3516 ante
1579 3451 1739 3536 seposito
1762 3468 1833 3516 cum

154 3577 185 3620 ao
204 3555 368 3640 legumine
391 3554 524 3637 ferculo,
550 3554 633 3620 inter
655 3555 769 3640 epulas
791 3574 904 3638 regum
926 3574 1015 3622 more
1037 3555 1132 3621 trium
1154 3573 1325 3641 puemrnm
1347 3553 1423 3620 lava
1445 3554 1497 3620 vel
1521 3553 1676 3621 lenticula
1691 3554 1835 3620 delecta-

291 3853 323 3904 ιο
341 3855 375 3905 ιι.
397 3855 456 3915 neg.
480 3853 522 3916 rr,
541 3851 583 3901 as.

291 4131 302 4182 1
323 4133 510 4196 persecutiones
529 4130 576 4178 LE
733 4130 783 4178 iem
800 4155 837 4166 -
855 4129 870 4179 3
889 4127 1017 4198 manibus]
1035 4132 1080 4181 sed
1098 4134 1147 4179 lem
1167 4137 1228 4181 tuno
1245 4137 1347 4180 tenerae
1365 4131 1456 4179 scietis
1474 4128 1557 4178 adhuc
1576 4129 1668 4193 (adhuc
1685 4132 1774 4180 aetatis
1792 4132 1829 4194 Η)

202 4221 303 4282 stulu,
328 4221 355 4269 td
377 4233 449 4281 egere
469 4218 550 4267 studii
568 4216 688 4278 babebat,
715 4221 744 4264 ut
763 4218 883 4279 quioquid
901 4219 949 4268 sibl
970 4217 1071 4280 (residui
1090 4217 1149 4268 cdd.
1171 4219 1209 4281 Μ)
1230 4221 1392 4268 remansisset
1409 4217 1503 4278 edulii,
1528 4217 1640 4266 collectis
1657 4217 1772 4281 pernulis
1790 4231 1833 4265 eo·

201 4321 307 4371 rumque
327 4308 451 4368 capitibus
472 4305 637 4365 (singulorum
656 4303 715 4352 cdd.
736 4304 772 4368 HJ
795 4304 923 4354 mundatis
944 4305 996 4352 ΤΗ
1125 4304 1140 4354 2
1159 4301 1287 4372 pernulis]
1305 4304 1362 4353 silis
1380 4304 1493 4367 paruulis
1512 4301 1559 4351 LE
1679 4305 1760 4368 cupite
1776 4309 1832 4365 post

201 4395 363 4444 remansisset
383 4390 411 4439 Μ
514 4389 602 4453 eipso
621 4389 661 4453 1²¹,
683 4392 750 4442 cibos
768 4389 826 4440 add.
849 4387 938 4455 miii)
1044 4391 1101 4454 ipse
1119 4390 1161 4454 1³1,
1181 4393 1238 4457 ipso
1258 4390 1296 4439 Μ1
1412 4387 1588 4457 issmnirele]
1606 4389 1653 4438 ΡΤ
1754 4405 1832 4455 pennu

201 4481 252 4530 ΡΜ
366 4479 467 4541 regebat
485 4477 520 4541 Μ,
542 4491 590 4528 om.
611 4476 658 4525 LL'
770 4480 837 4527 lacti
855 4483 929 4528 cruce
947 4479 1031 4539 lignei
1049 4478 1078 4525 Μ
1192 4474 1396 4545 praecedentem]
1416 4477 1489 4525 MLL'
1609 4477 1831 4542 bsubseqnentes

201 4565 239 4614 Pi
355 4563 423 4633 enm]
442 4564 535 4614 ormi'
657 4559 731 4630 bet]
748 4577 796 4614 om.
818 4565 887 4612 Lliii'
998 4565 1110 4614 nitidans
1128 4562 1312 4632 pauimentum]
1331 4566 1506 4628 pauimentum
1524 4565 1636 4614 nitidans
1655 4565 1778 4627 (incidens
1797 4565 1828 4629 L)

201 4653 269 4702 lell’
386 4652 400 4700 'l
421 4654 486 4700 toras
505 4649 575 4699 Lsu
695 4647 711 4699 8
730 4647 894 4717 uictoriscon]
911 4654 1005 4715 scripsi,
1027 4651 1063 4712 es.
1086 4653 1158 4714 Grau.
1181 4653 1247 4703 Hist.
1267 4652 1310 4702 ab.
1331 4652 1375 4712 IV,
1398 4655 1447 4702 dl:
1467 4652 1497 4700 ad
1515 4652 1604 4701 uillam
1622 4654 1663 4702 eni
1681 4666 1771 4700 nomen
1791 4658 1831 4701 est

200 4741 364 4803 uictnriucon,
385 4741 542 4788 uictoriatos
562 4735 591 4798 P,
611 4737 764 4786 nictorlscss
785 4736 831 4798 Ml,
852 4739 972 4787 uictoriae
993 4739 1022 4802 G,
1044 4733 1256 4801 uictoriaenm'L‚
1277 4739 1413 4788 uictnrisco
1435 4737 1457 4786 Τ
1622 4735 1757 4806 uoluisset]
1775 4752 1829 4787 eam

198 4828 257 4876 odd.
279 4826 324 4874 LE
506 4822 522 4873 9
541 4820 649 4891 adteies]
670 4823 698 4886 P,
719 4823 831 4885 adtegias
852 4823 887 4888 Μ,
907 4826 938 4874 ed
956 4827 1046 4875 atteias
1064 4825 1096 4888 L,
1117 4827 1147 4875 ab
1166 4827 1273 4887 attegias
1292 4825 1322 4889 Ε,
1343 4825 1374 4874 ad
1393 4827 1471 4875 stelas
1492 4826 1513 4872 Τ
1685 4830 1760 4875 noctu
1781 4824 1832 4872 ΡΜ

201 4911 232 4964 10
250 4909 371 4980 erigeret]
388 4913 453 4974 fugit
471 4911 493 4959 L
514 4911 564 4972 tuit
580 4911 726 4972 regnnml),
747 4911 852 4972 eligeret
871 4911 893 4958 E
1042 4909 1152 4980 enitens]
1172 4915 1215 4962 illa
1233 4915 1344 4962 enitebat
1367 4913 1388 4961 Τ
1538 4913 1566 4962 11
1588 4912 1695 4962 debetur
1711 4912 1787 4961 etlam
1810 4909 1832 4958 Τ

201 4998 232 5049 12
250 5001 330 5049 nubet
347 4999 379 5063 L,
398 5000 486 5061 nupsit
504 4997 549 5045 ΕΤ
652 4998 767 5061 principe
785 4996 836 5045 ΡΜ
951 4997 982 5050 13
1002 5001 1121 5049 secularis
1139 5001 1250 5062 dignitas
1268 5000 1326 5063 plns
1345 5013 1372 5048 se
1389 5000 1525 5050 inclinauit
1541 5001 1660 5050 uoluntas
1678 5013 1752 5060 quem
1770 5013 1829 5060 per-

199 5087 311 5136 mitteret
328 5085 480 5148 dignitusi'
583 5085 758 5148 praemitteret
775 5084 825 5132 ΡΜ
927 5086 972 5135 seri
990 5085 1054 5134 ΡίΜ
1157 5088 1187 5137 15
1207 5089 1254 5137 sub
1273 5084 1330 5153 tenti
1352 5086 1442 5136 desinit
1462 5087 1491 5149 Μ,
1510 5086 1554 5135 ubi
1566 5088 1581 5134 4
1592 5087 1794 5149 (uituperr'erant

197 5172 320 5234 gessltl‘
422 5171 454 5223 16
472 5168 564 5239 igitur]
583 5169 662 5234 Mna,
683 5171 738 5220 ideo
760 5170 823 5236 (Pu)
930 5173 1086 5235 principeL
1190 5173 1299 5237 gretoL
1407 5173 1436 5222 i'l
1456 5187 1512 5221 cum
1531 5172 1617 5221 sual·
1732 5169 1764 5222 18
1782 5171 1828 5220 de·

197 5260 274 5309 cimas
292 5259 401 5308 deditL
517 5256 709 5308 lamissone
824 5257 857 5307 20
874 5259 904 5307 ad
923 5262 995 5308 culus
1014 5260 1253 5311 munificentiemL
1358 5256 1407 5326 sic]
1425 5265 1451 5308 et
1469 5261 1546 5308 sicuti
1564 5254 1678 5320 Pliiii'),
1699 5259 1785 5320 sicque
1805 5258 1828 5305 L

197 5345 228 5396 21
249 5359 296 5396 nec
313 5348 387 5407 egeni
405 5341 466 5413 uox]
484 5347 557 5406 egeni
575 5359 626 5394 uox
644 5358 694 5394 non
713 5345 735 5393 G
856 5344 889 5396 22
907 5342 974 5412 sem]
992 5360 1041 5396 om.
1063 5346 1085 5395 L
1208 5346 1240 5396 23
1259 5347 1362 5410 prodere
1381 5347 1404 5394 L
1526 5341 1604 5411 quod]
1622 5345 1738 5409 quicquid
1760 5343 1823 5408 (Lm

196 5429 231 5484 24
250 5431 374 5482 unimoL
477 5432 599 5482 atelasT
701 5431 885 5481 inheserultL
990 5430 1051 5501 quo]
1070 5434 1123 5497 ΒΤ,
1144 5436 1189 5484 ubl
1208 5432 1279 5482 PMG
1384 5431 1417 5482 25
1437 5433 1525 5482 electis
1544 5433 1572 5480 Μ
1675 5443 1827 5492 mugregsns

196 5534 288 5582 egenas
306 5521 415 5570 feminas
433 5519 455 5568 L
594 5513 647 5584 ess]
666 5524 692 5566 et
713 5518 744 5580 G,
764 5533 813 5570 om.
835 5519 880 5567 ΜΤ
1020 5519 1053 5570 26
1071 5535 1120 5584 qne
1139 5536 1186 5572 om.
1207 5521 1254 5569 ΜΤ
1393 5521 1495 5569 cumbet
1515 5520 1536 5568 Τ
1669 5519 1786 5568 uiuorum
1804 5517 1827 5566 L

196 5607 228 5657 21
247 5609 345 5657 leuaret
363 5605 432 5671 Pild,
452 5605 589 5656 lauereti'
693 5603 845 5673 retentaret]
863 5606 969 5670 PMLT,
990 5614 1113 5656 recrearet
1133 5605 1166 5658 Gi
1287 5606 1321 5657 29
1339 5607 1482 5656 subocculte
1501 5606 1535 5668 Μ,
1555 5605 1652 5656 occulte
1672 5604 1702 5667 L,
1723 5620 1769 5654 stru
1785 5619 1826 5654 oc-

195 5693 306 5744 enitsT
409 5691 482 5762 torte]
500 5684 622 5742 om.L¹
690 5699 852 5754 cognoscetur
865 5693 893 5741 Μ
996 5691 1035 5760 se]
1052 5710 1100 5744 om.
1119 5693 1147 5742 Μ
1249 5693 1282 5744 30
1300 5695 1357 5742 isba
1371 5691 1485 5754 emin,
1505 5695 1576 5743 tabae
1595 5694 1638 5741 uel
1655 5691 1825 5742 lenticulaeL
