4536 6196
921 349 1125 408 APPENDIX.

982 681 1074 748 XVII

918 821 1010 896 Item
1037 821 1135 898 eliud

547 986 695 1052 Plaudite
718 1008 796 1054 voee
819 989 897 1072 deo,
924 990 979 1075 pin
1001 990 1125 1059 reddite
1147 998 1240 1076 veta,
1266 1011 1408 1074 sorores,

632 1087 718 1174 quod
740 1091 788 1157 eie
809 1093 974 1159 vobisenm
996 1095 1116 1177 gaudia
1136 1101 1227 1162 tanta
1249 1093 1373 1162 sedent.

548 1213 599 1259 me
622 1193 699 1260 foris
722 1196 854 1262 excluso
877 1218 934 1263 vos
956 1198 1040 1264 bene
1061 1199 1205 1266 retinetis
1228 1205 1390 1264 amantes:

635 1298 720 1379 quod
743 1319 909 1367 commune
931 1301 1055 1388 placet,
1081 1323 1144 1369 non
1167 1302 1262 1368 simul
1285 1321 1358 1368 esse
1380 1301 1465 1368 lieet.

482 1421 495 1460 s
549 1401 629 1466 haee
651 1403 811 1486 longaeva
833 1403 889 1470 diu
910 1412 1040 1472 maneat
1061 1427 1120 1492 per
1142 1405 1271 1490 singula
1293 1405 1385 1470 nobis

635 1504 747 1572 floreat
768 1513 801 1573 et
823 1506 946 1575 eunetis
968 1509 1192 1598 participanda
1213 1510 1317 1576 bonis.

975 1783 1086 1851 XVIII

920 1923 1013 1999 Item
1039 1923 1138 2000 aliud

552 2090 664 2158 Cureti
687 2091 783 2159 hodie
805 2093 923 2161 festiva
945 2095 1067 2161 eolunt:
1095 2115 1156 2180 ego
1179 2094 1268 2161 eolus
1289 2094 1323 2160 in
1345 2095 1421 2161 orbe

637 2195 756 2262 absens
778 2197 880 2264 natali
903 2219 1079 2282 conqueror
1100 2217 1173 2265 esse
1195 2204 1268 2276 tu03

552 2291 607 2382 qui
630 2298 658 2363 si
680 2299 762 2366 forte
784 2302 890 2368 latens
911 2302 979 2369 alia
1000 2303 1133 2386 regione
1156 2301 1308 2382 fuissem,

638 2401 682 2468 ad
703 2423 761 2470 vos
784 2403 957 2474 debueram
981 2405 1123 2474 eoneitns
1144 2405 1192 2472 ire
1214 2405 1330 2489 magis.

487 2527 499 2566 r,
552 2525 636 2596 nnnc
658 2505 716 2572 alii
737 2507 797 2574 tibi
819 2509 915 2594 dant,
942 2530 1003 2595 ege
1025 2531 1159 2577 munere
1180 2509 1272 2576 nulla
1294 2510 1408 2590 sorori,

638 2611 690 2676 vel
714 2611 792 2678 dare
814 2613 869 2697 qui
893 2614 980 2697 potui
1002 2615 1146 2700 pomula,
1174 2634 1264 2680 mora
1285 2613 1353 2678 ioti.

553 2713 612 2780 sed
633 2715 781 2798 quamvis
804 2716 922 2782 absens
946 2717 1070 2802 speeie,
1097 2736 1168 2783 eum
1191 2723 1318 2802 peetore
1341 2735 1495 2800 praesens

640 2825 672 2883 et
693 2838 771 2902 rogo
793 2839 876 2900 qnae
899 2820 973 2886 misi
996 2821 1081 2887 dona
1102 2820 1242 2887 libenter
1262 2820 1363 2886 habe:

554 2920 600 2986 sic
623 2919 704 2985 deus
727 2921 928 3007 omnipotens
949 2928 1060 3009 pareat
1081 2923 1175 2989 matri
1196 2929 1293 3006 etque
1316 2923 1431 3006 sorori,

472 3045 500 3084 ιο
640 3043 723 3106 quae
745 3044 809 3089 non
831 3033 966 3110 egerunt
986 3045 1038 3094 me
1061 3026 1198 3093 retinere
1221 3027 1294 3092 sibi.

554 3127 636 3192 haee
657 3126 713 3212 pia
735 3127 820 3194 festa
842 3128 898 3195 din
921 3130 1056 3216 multos,
1084 3130 1172 3197 senis
1193 3131 1286 3218 ipsa,
1312 3149 1493 3217 perennes

642 3230 728 3296 laeta
750 3238 852 3300 matre
875 3233 989 3314 simul,
1016 3255 1068 3302 me
1091 3255 1218 3319 quoqne
1241 3233 1339 3300 fratre
1361 3234 1461 3300 eolas.

997 3511 1078 3576 XIX

930 3649 1022 3725 Item
1049 3649 1148 3724 eliud

562 3817 651 3882 Haec
673 3817 752 3883 milri
774 3818 858 3884 festa
880 3818 950 3885 dies
973 3820 1087 3904 longos
1110 3818 1306 3904 superinstet
1326 3820 1359 3884 in
1382 3839 1500 3900 annos,

647 3919 769 4003 gaudia
791 3942 910 4005 magna
932 3922 1039 3989 serens
1062 3921 1141 3990 haee
1163 3921 1243 3987 mihi
1266 3922 1349 3988 festa
1371 3923 1453 3988 dies.

561 4029 702 4108 praestet
724 4044 832 4090 emere
855 4025 936 4090 deus
958 4032 1024 4090 tam
1047 4045 1201 4111 prospera
1222 4031 1299 4092 veta
1321 4047 1378 4111 per
1401 4045 1534 4108 aevum,

648 4125 777 4194 Martini
798 4127 921 4195 meritis
944 4135 1086 4215 praestet
1107 4149 1216 4196 amore
1238 4129 1330 4196 dens.

496 4253 509 4292 s
562 4229 755 4316 participata
776 4231 856 4298 mihi
877 4231 1041 4299 nobiseum
1063 4233 1145 4300 haee
1166 4232 1289 4318 gaudia
1310 4233 1457 4300 Christus

649 4341 757 4401 servet
777 4335 810 4400 in
833 4336 909 4402 orbe
931 4335 987 4401 diu
1010 4336 1204 4424 participata
1226 4337 1316 4404 mihi.

562 4438 650 4504 mitis
671 4438 705 4503 in
727 4458 807 4505 aure
829 4457 927 4505 sonus
948 4440 1042 4506 suavi
1064 4440 1236 4508 dnleedine
1257 4440 1370 4521 tinnit,

650 4562 773 4626 organa
794 4543 883 4609 voeis
905 4543 1029 4611 habens
1051 4544 1138 4610 rnitie
1161 4545 1195 4610 in
1217 4565 1295 4612 aure
1318 4563 1427 4610 sonus.

563 4645 711 4711 blandior
733 4665 809 4715 esen
831 4647 916 4714 favis
937 4654 1045 4714 vestra
1068 4649 1108 4714 de
1131 4647 1226 4714 fauce
1247 4645 1366 4731 rigavit

483 4769 510 4808 1⁰
651 4756 683 4816 et
704 4770 788 4816 nove
809 4751 909 4818 mella
930 4751 1021 4818 dedit
1041 4750 1190 4818 blandior
1212 4770 1288 4818 esea
1310 4750 1406 4816 favis.

565 4853 627 4917 hue
649 4853 794 4920 variante
816 4854 911 4921 chero
933 4875 995 4920 vex
1017 4855 1093 4922 inde
1116 4861 1221 4922 rotata
1243 4854 1397 4935 cucurrit,

652 4956 800 5022 sensibus
823 4957 981 5040 angelicis
1003 4959 1066 5024 hue
1088 4958 1234 5024 variante
1257 4958 1362 5024 choro.

566 5057 708 5123 earmina
730 5066 842 5126 saneta
864 5060 919 5125 diu
942 5080 1006 5126 vor
1027 5060 1087 5126 illa
1109 5060 1269 5128 ministret
1290 5061 1332 5127 ab
1355 5081 1409 5126 ore

652 5168 686 5228 et
706 5170 852 5229 recreent
872 5161 995 5230 animos
1018 5164 1161 5231 earmina
1182 5170 1295 5231 saneta
1316 5163 1384 5231 din.

233 5328 239 5332 ,
261 5321 643 5332 -..-—...---—--——-———

299 5409 374 5458 .v11
446 5407 470 5456 Σ
502 5404 576 5458 ‚⁵5⁰

299 5411 390 5543 XVIII
487 5407 558 5556 fo.
579 5489 626 5543 55⁰
732 5492 849 5542 lenncti
870 5491 1026 5562 Guerardue]
1044 5496 1141 5544 eunetis
1245 5491 1335 5562 Itno]
1356 5511 1411 5547 meo
1516 5493 1684 5544 idebusrsnr
1706 5491 1860 5560 Θυαονάω]

232 5583 363 5632 dubiersm
469 5579 484 5630 6
503 5595 570 5630 mors
582 5575 640 5647 toti]
657 5593 723 5628 more
737 5580 783 5628 ioci
797 5579 948 5643 (isnardus,
965 5586 1063 5644 expecto
1076 5584 1153 5631 uerbo
1164 5583 1223 5632 dedi
1240 5582 1283 5644 (cf.
1297 5598 1322 5632 v.
1337 5585 1363 5643 8)
1473 5580 1503 5630 tn
1522 5583 1597 5629 tratre
1610 5577 1767 5646 Gnernrdus]
1784 5581 1860 5628 freter

301 5667 363 5716 XIX
452 5666 477 5716 Σ
494 5667 515 5728 s.
537 5664 584 5717 ὅδ’
688 5665 807 5717 bseruet
825 5664 980 5734 Guernrdue]
997 5683 1083 5717 seruet
1189 5667 1217 5718 li
1240 5683 1265 5718 ro
1283 5671 1324 5717 tte
1430 5667 1460 5718 1³
1479 5667 1606 5716 mlnntnn
1712 5664 1860 5718 tranimur
