<?xml version="1.0" encoding="UTF-8"?>
<!DOCTYPE html PUBLIC "-//W3C//DTD XHTML 1.0 Transitional//EN"
    "http://www.w3.org/TR/xhtml1/DTD/xhtml1-transitional.dtd">
<html xmlns="http://www.w3.org/1999/xhtml" xml:lang="en" lang="en">
 <head>
  <title>
</title>
<meta http-equiv="Content-Type" content="text/html;charset=utf-8" />
  <meta name='ocr-system' content='tesseract 3.04.00' />
  <meta name='ocr-capabilities' content='ocr_page ocr_carea ocr_par ocr_line ocrx_word'/>
</head>
<body>
  <div class='ocr_page' id='page_1' title='image "./monumentagerman00mittgoog_0338.png"; bbox 0 0 4536 6196; ppageno 0'>
   <div class='ocr_carea' id='block_1_1' title="bbox 800 301 1254 360">
    <p class='ocr_par' dir='ltr' id='par_1_1' title="bbox 800 301 1254 360">
     <span class='ocr_line' id='line_1_1' title="bbox 800 301 1254 360; baseline -0.007 0"><span class='ocrx_word' id='word_1_1' title='bbox 800 304 890 360; x_wconf 84' lang='lat' dir='ltr'>VITA</span> <span class='ocrx_word' id='word_1_2' title='bbox 910 305 938 360; x_wconf 89' lang='lat' dir='ltr'><strong>S.</strong></span> <span class='ocrx_word' id='word_1_3' title='bbox 959 301 1122 359; x_wconf 83' lang='lat' dir='ltr'>MARTINI</span> <span class='ocrx_word' id='word_1_4' title='bbox 1140 304 1211 358; x_wconf 89' lang='lat' dir='ltr'><strong>LlB.</strong></span> <span class='ocrx_word' id='word_1_5' title='bbox 1232 302 1254 357; x_wconf 91' lang='lat'><strong>1.</strong></span> 
     </span>
    </p>
   </div>
   <div class='ocr_carea' id='block_1_2' title="bbox 447 493 1535 2855">
    <p class='ocr_par' dir='ltr' id='par_1_2' title="bbox 447 493 1518 992">
     <span class='ocr_line' id='line_1_2' title="bbox 447 493 1413 579; baseline 0.001 -23"><span class='ocrx_word' id='word_1_6' title='bbox 447 513 495 556; x_wconf 82' lang='lat' dir='ltr'><strong>ma</strong></span> <span class='ocrx_word' id='word_1_7' title='bbox 552 497 611 560; x_wconf 85' lang='lat' dir='ltr'><strong>‘ex</strong></span> <span class='ocrx_word' id='word_1_8' title='bbox 632 515 686 560; x_wconf 90' lang='lat' dir='ltr'><strong>ore</strong></span> <span class='ocrx_word' id='word_1_9' title='bbox 709 494 867 561; x_wconf 84' lang='lat' dir='ltr'><strong>infantum</strong></span> <span class='ocrx_word' id='word_1_10' title='bbox 890 502 923 561; x_wconf 89' lang='lat' dir='ltr'><strong>et</strong></span> <span class='ocrx_word' id='word_1_11' title='bbox 945 496 1121 562; x_wconf 87' lang='lat' dir='ltr'><strong>lactantum</strong></span> <span class='ocrx_word' id='word_1_12' title='bbox 1143 493 1261 579; x_wconf 88' lang='lat' dir='ltr'><strong>perfice</strong></span> <span class='ocrx_word' id='word_1_13' title='bbox 1284 494 1413 559; x_wconf 88' lang='lat' dir='ltr'><strong>laudem</strong></span> 
     </span>
     <span class='ocr_line' id='line_1_3' title="bbox 547 596 1425 681; baseline -0.001 -20"><span class='ocrx_word' id='word_1_14' title='bbox 547 618 633 663; x_wconf 91' lang='lat' dir='ltr'><strong>nunc</strong></span> <span class='ocrx_word' id='word_1_15' title='bbox 656 596 858 663; x_wconf 84' lang='lat' dir='ltr'><strong>defensorem</strong></span> <span class='ocrx_word' id='word_1_16' title='bbox 881 598 937 681; x_wconf 90' lang='lat' dir='ltr'><strong>qui</strong></span> <span class='ocrx_word' id='word_1_17' title='bbox 959 598 1005 664; x_wconf 90' lang='lat' dir='ltr'><strong>sic</strong></span> <span class='ocrx_word' id='word_1_18' title='bbox 1028 599 1111 663; x_wconf 91' lang='lat' dir='ltr'><strong>bene</strong></span> <span class='ocrx_word' id='word_1_19' title='bbox 1134 597 1288 663; x_wconf 86' lang='lat' dir='ltr'><strong>destruis’</strong></span> <span class='ocrx_word' id='word_1_20' title='bbox 1312 597 1425 680; x_wconf 91' lang='lat' dir='ltr'><strong>inquit.</strong></span> 
     </span>
     <span class='ocr_line' id='line_1_4' title="bbox 548 700 1518 786; baseline -0.001 -21"><span class='ocrx_word' id='word_1_21' title='bbox 548 721 622 766; x_wconf 84' lang='lat' dir='ltr'><strong>mox</strong></span> <span class='ocrx_word' id='word_1_22' title='bbox 644 700 752 784; x_wconf 81' lang='lat' dir='ltr'><strong>fragor</strong></span> <span class='ocrx_word' id='word_1_23' title='bbox 773 709 863 767; x_wconf 90' lang='lat' dir='ltr'><strong>astra</strong></span> <span class='ocrx_word' id='word_1_24' title='bbox 884 700 980 786; x_wconf 91' lang='lat' dir='ltr'><strong>petit,</strong></span> <span class='ocrx_word' id='word_1_25' title='bbox 1007 701 1127 767; x_wconf 89' lang='lat' dir='ltr'><strong>elamor</strong></span> <span class='ocrx_word' id='word_1_26' title='bbox 1148 720 1252 784; x_wconf 82' lang='lat' dir='ltr'><strong>vagus</strong></span> <span class='ocrx_word' id='word_1_27' title='bbox 1274 700 1357 765; x_wconf 87' lang='lat' dir='ltr'><strong>atria</strong></span> <span class='ocrx_word' id='word_1_28' title='bbox 1379 700 1518 783; x_wconf 80' lang='lat' dir='ltr'><strong>complet</strong></span> 
     </span>
     <span class='ocr_line' id='line_1_5' title="bbox 549 803 1298 871; baseline -0.001 -2"><span class='ocrx_word' id='word_1_29' title='bbox 549 810 582 870; x_wconf 90' lang='lat' dir='ltr'><strong>et</strong></span> <span class='ocrx_word' id='word_1_30' title='bbox 603 804 697 871; x_wconf 86' lang='lat' dir='ltr'><strong>docet</strong></span> <span class='ocrx_word' id='word_1_31' title='bbox 717 805 775 869; x_wconf 92' lang='lat' dir='ltr'><strong>ille</strong></span> <span class='ocrx_word' id='word_1_32' title='bbox 797 803 888 869; x_wconf 87' lang='lat' dir='ltr'><strong>lavor</strong></span> <span class='ocrx_word' id='word_1_33' title='bbox 909 803 950 869; x_wconf 91' lang='lat' dir='ltr'><strong>de</strong></span> <span class='ocrx_word' id='word_1_34' title='bbox 974 803 1152 870; x_wconf 84' lang='lat' dir='ltr'><strong>Defensore</strong></span> <span class='ocrx_word' id='word_1_35' title='bbox 1175 810 1298 869; x_wconf 89' lang='lat' dir='ltr'><strong>reatum</strong></span> 
     </span>
     <span class='ocr_line' id='line_1_6' title="bbox 550 907 1408 992; baseline -0.002 -19"><span class='ocrx_word' id='word_1_36' title='bbox 550 907 760 992; x_wconf 78' lang='lat' dir='ltr'><strong>addictusque</strong></span> <span class='ocrx_word' id='word_1_37' title='bbox 782 907 904 974; x_wconf 80' lang='lat' dir='ltr'><strong>vireat</strong></span> <span class='ocrx_word' id='word_1_38' title='bbox 926 927 962 973; x_wconf 95' lang='lat' dir='ltr'><strong>se</strong></span> <span class='ocrx_word' id='word_1_39' title='bbox 983 907 1108 990; x_wconf 87' lang='lat' dir='ltr'><strong>iudice,</strong></span> <span class='ocrx_word' id='word_1_40' title='bbox 1134 914 1217 973; x_wconf 86' lang='lat' dir='ltr'><strong>teste</strong></span> <span class='ocrx_word' id='word_1_41' title='bbox 1240 907 1408 992; x_wconf 87' lang='lat' dir='ltr'><strong>propheta.</strong></span> 
     </span>
    </p>

    <p class='ocr_par' dir='ltr' id='par_1_3' title="bbox 487 1010 1535 2756">
     <span class='ocr_line' id='line_1_7' title="bbox 636 1010 1476 1095; baseline 0 -19"><span class='ocrx_word' id='word_1_42' title='bbox 636 1010 716 1077; x_wconf 91' lang='lat' dir='ltr'><strong>Inde</strong></span> <span class='ocrx_word' id='word_1_43' title='bbox 738 1010 967 1077; x_wconf 89' lang='lat' dir='ltr'><strong>monasterium</strong></span> <span class='ocrx_word' id='word_1_44' title='bbox 990 1010 1052 1076; x_wconf 94' lang='lat' dir='ltr'><strong>sibi</strong></span> <span class='ocrx_word' id='word_1_45' title='bbox 1075 1010 1185 1077; x_wconf 87' lang='lat' dir='ltr'><strong>condit</strong></span> <span class='ocrx_word' id='word_1_46' title='bbox 1206 1030 1286 1095; x_wconf 92' lang='lat' dir='ltr'><strong>rupe</strong></span> <span class='ocrx_word' id='word_1_47' title='bbox 1308 1012 1368 1076; x_wconf 89' lang='lat' dir='ltr'><strong>sub</strong></span> <span class='ocrx_word' id='word_1_48' title='bbox 1391 1011 1476 1092; x_wconf 89' lang='lat' dir='ltr'><strong>alta,</strong></span> 
     </span>
     <span class='ocr_line' id='line_1_8' title="bbox 550 1113 1514 1204; baseline 0 -25"><span class='ocrx_word' id='word_1_49' title='bbox 550 1114 600 1179; x_wconf 90' lang='lat' dir='ltr'><strong>vir</strong></span> <span class='ocrx_word' id='word_1_50' title='bbox 621 1114 795 1179; x_wconf 89' lang='lat' dir='ltr'><strong>monachus</strong></span> <span class='ocrx_word' id='word_1_51' title='bbox 817 1121 965 1200; x_wconf 78' lang='lat' dir='ltr'><strong>perstans</strong></span> <span class='ocrx_word' id='word_1_52' title='bbox 987 1114 1022 1179; x_wconf 90' lang='lat' dir='ltr'><strong>in</strong></span> <span class='ocrx_word' id='word_1_53' title='bbox 1044 1113 1248 1199; x_wconf 90' lang='lat' dir='ltr'><strong>pontificatus</strong></span> <span class='ocrx_word' id='word_1_54' title='bbox 1270 1113 1407 1194; x_wconf 90' lang='lat' dir='ltr'><strong>honore,</strong></span> <span class='ocrx_word' id='word_1_55' title='bbox 1512 1201 1514 1204; x_wconf 16' lang='grc' dir='ltr'>Ι</span> 
     </span>
     <span class='ocr_line' id='line_1_9' title="bbox 550 1217 1456 1303; baseline -0.001 -20"><span class='ocrx_word' id='word_1_56' title='bbox 550 1217 690 1303; x_wconf 88' lang='lat' dir='ltr'><strong>plurima</strong></span> <span class='ocrx_word' id='word_1_57' title='bbox 711 1218 905 1284; x_wconf 87' lang='lat' dir='ltr'><strong>conveniunt</strong></span> <span class='ocrx_word' id='word_1_58' title='bbox 927 1217 983 1284; x_wconf 91' lang='lat' dir='ltr'><strong>ubi</strong></span> <span class='ocrx_word' id='word_1_59' title='bbox 1006 1225 1119 1283; x_wconf 87' lang='lat' dir='ltr'><strong>sancte</strong></span> <span class='ocrx_word' id='word_1_60' title='bbox 1141 1217 1291 1283; x_wconf 85' lang='lat' dir='ltr'><strong>examina</strong></span> <span class='ocrx_word' id='word_1_61' title='bbox 1313 1217 1456 1282; x_wconf 83' lang='lat' dir='ltr'><strong>fratrum.</strong></span> 
     </span>
     <span class='ocr_line' id='line_1_10' title="bbox 552 1320 1452 1407; baseline -0.001 -21"><span class='ocrx_word' id='word_1_62' title='bbox 552 1341 629 1405; x_wconf 82' lang='lat' dir='ltr'><strong>ergo</strong></span> <span class='ocrx_word' id='word_1_63' title='bbox 651 1321 764 1387; x_wconf 90' lang='lat' dir='ltr'><strong>aderat</strong></span> <span class='ocrx_word' id='word_1_64' title='bbox 786 1321 918 1407; x_wconf 90' lang='lat' dir='ltr'><strong>propius</strong></span> <span class='ocrx_word' id='word_1_65' title='bbox 942 1321 1032 1386; x_wconf 84' lang='lat' dir='ltr'><strong>locus</strong></span> <span class='ocrx_word' id='word_1_66' title='bbox 1054 1327 1088 1386; x_wconf 92' lang='lat' dir='ltr'><strong>et</strong></span> <span class='ocrx_word' id='word_1_67' title='bbox 1109 1320 1337 1386; x_wconf 89' lang='lat' dir='ltr'><strong>celeberrimus</strong></span> <span class='ocrx_word' id='word_1_68' title='bbox 1359 1321 1452 1387; x_wconf 91' lang='lat' dir='ltr'><strong>olim:</strong></span> 
     </span>
     <span class='ocr_line' id='line_1_11' title="bbox 553 1424 1394 1510; baseline 0 -20"><span class='ocrx_word' id='word_1_69' title='bbox 553 1426 662 1510; x_wconf 90' lang='lat' dir='ltr'><strong>ampla</strong></span> <span class='ocrx_word' id='word_1_70' title='bbox 683 1425 854 1491; x_wconf 86' lang='lat' dir='ltr'><strong>vetustatis</strong></span> <span class='ocrx_word' id='word_1_71' title='bbox 877 1445 949 1490; x_wconf 90' lang='lat' dir='ltr'><strong>oum</strong></span> <span class='ocrx_word' id='word_1_72' title='bbox 972 1429 1116 1510; x_wconf 89' lang='lat' dir='ltr'><strong>tempora</strong></span> <span class='ocrx_word' id='word_1_73' title='bbox 1138 1424 1394 1510; x_wconf 82' lang='lat' dir='ltr'><strong>transiluissent,</strong></span> 
     </span>
     <span class='ocr_line' id='line_1_12' title="bbox 487 1528 1388 1615; baseline 0.004 -25"><span class='ocrx_word' id='word_1_74' title='bbox 487 1552 499 1590; x_wconf 78' lang='lat' dir='ltr'><strong>s</strong></span> <span class='ocrx_word' id='word_1_75' title='bbox 553 1529 703 1615; x_wconf 83' lang='lat' dir='ltr'><strong>martyris</strong></span> <span class='ocrx_word' id='word_1_76' title='bbox 725 1549 798 1595; x_wconf 90' lang='lat' dir='ltr'><strong>esse</strong></span> <span class='ocrx_word' id='word_1_77' title='bbox 820 1529 908 1614; x_wconf 90' lang='lat' dir='ltr'><strong>pium</strong></span> <span class='ocrx_word' id='word_1_78' title='bbox 932 1530 1106 1612; x_wconf 84' lang='lat' dir='ltr'><strong>spargebat</strong></span> <span class='ocrx_word' id='word_1_79' title='bbox 1127 1528 1234 1614; x_wconf 91' lang='lat' dir='ltr'><strong>opinio</strong></span> <span class='ocrx_word' id='word_1_80' title='bbox 1257 1529 1388 1594; x_wconf 91' lang='lat' dir='ltr'><strong>cultum.</strong></span> 
     </span>
     <span class='ocr_line' id='line_1_13' title="bbox 554 1631 1502 1716; baseline -0.003 -18"><span class='ocrx_word' id='word_1_81' title='bbox 554 1653 616 1716; x_wconf 91' lang='lat' dir='ltr'><strong>quo</strong></span> <span class='ocrx_word' id='word_1_82' title='bbox 640 1651 731 1697; x_wconf 87' lang='lat' dir='ltr'><strong>sacer</strong></span> <span class='ocrx_word' id='word_1_83' title='bbox 752 1651 889 1698; x_wconf 84' lang='lat' dir='ltr'><strong>exorans</strong></span> <span class='ocrx_word' id='word_1_84' title='bbox 911 1633 1050 1712; x_wconf 89' lang='lat' dir='ltr'><strong>tumulo,</strong></span> <span class='ocrx_word' id='word_1_85' title='bbox 1078 1631 1156 1696; x_wconf 87' lang='lat' dir='ltr'><strong>salit</strong></span> <span class='ocrx_word' id='word_1_86' title='bbox 1178 1631 1291 1697; x_wconf 92' lang='lat' dir='ltr'><strong>umbra</strong></span> <span class='ocrx_word' id='word_1_87' title='bbox 1314 1632 1502 1716; x_wconf 90' lang='lat' dir='ltr'><strong>sepulchro,</strong></span> 
     </span>
     <span class='ocr_line' id='line_1_14' title="bbox 554 1734 1462 1821; baseline -0.004 -19"><span class='ocrx_word' id='word_1_88' title='bbox 554 1737 650 1802; x_wconf 83' lang='lat' dir='ltr'><strong>laeva</strong></span> <span class='ocrx_word' id='word_1_89' title='bbox 672 1757 713 1802; x_wconf 85' lang='lat' dir='ltr'><strong>ex</strong></span> <span class='ocrx_word' id='word_1_90' title='bbox 735 1742 826 1821; x_wconf 91' lang='lat' dir='ltr'><strong>parte</strong></span> <span class='ocrx_word' id='word_1_91' title='bbox 849 1736 984 1818; x_wconf 89' lang='lat' dir='ltr'><strong>loquens</strong></span> <span class='ocrx_word' id='word_1_92' title='bbox 1006 1735 1129 1801; x_wconf 90' lang='lat' dir='ltr'><strong>meritis</strong></span> <span class='ocrx_word' id='word_1_93' title='bbox 1152 1754 1203 1800; x_wconf 91' lang='lat' dir='ltr'><strong>res</strong></span> <span class='ocrx_word' id='word_1_94' title='bbox 1226 1734 1298 1820; x_wconf 90' lang='lat' dir='ltr'><strong>ipsa</strong></span> <span class='ocrx_word' id='word_1_95' title='bbox 1321 1734 1462 1800; x_wconf 89' lang='lat' dir='ltr'><strong>sinistra.</strong></span> 
     </span>
     <span class='ocr_line' id='line_1_15' title="bbox 554 1837 1398 1925; baseline 0 -23"><span class='ocrx_word' id='word_1_96' title='bbox 554 1841 692 1925; x_wconf 89' lang='lat' dir='ltr'><strong>imperat</strong></span> <span class='ocrx_word' id='word_1_97' title='bbox 714 1846 749 1905; x_wconf 92' lang='lat' dir='ltr'><strong>ut</strong></span> <span class='ocrx_word' id='word_1_98' title='bbox 770 1859 888 1904; x_wconf 91' lang='lat' dir='ltr'><strong>nomen</strong></span> <span class='ocrx_word' id='word_1_99' title='bbox 910 1837 1051 1904; x_wconf 83' lang='lat' dir='ltr'><strong>fateatur</strong></span> <span class='ocrx_word' id='word_1_100' title='bbox 1073 1838 1180 1921; x_wconf 85' lang='lat' dir='ltr'><strong>imago</strong></span> <span class='ocrx_word' id='word_1_101' title='bbox 1203 1838 1256 1903; x_wconf 89' lang='lat' dir='ltr'><strong>vel</strong></span> <span class='ocrx_word' id='word_1_102' title='bbox 1278 1845 1398 1903; x_wconf 85' lang='lat' dir='ltr'><strong>actum.</strong></span> 
     </span>
     <span class='ocr_line' id='line_1_16' title="bbox 554 1940 1415 2026; baseline -0.003 -18"><span class='ocrx_word' id='word_1_103' title='bbox 554 1943 709 2008; x_wconf 88' lang='lat' dir='ltr'><strong>latronem</strong></span> <span class='ocrx_word' id='word_1_104' title='bbox 733 1962 768 2008; x_wconf 92' lang='lat' dir='ltr'><strong>se</strong></span> <span class='ocrx_word' id='word_1_105' title='bbox 790 1962 869 2008; x_wconf 86' lang='lat' dir='ltr'><strong>voce</strong></span> <span class='ocrx_word' id='word_1_106' title='bbox 890 1940 1005 2022; x_wconf 85' lang='lat' dir='ltr'><strong>refert,</strong></span> <span class='ocrx_word' id='word_1_107' title='bbox 1032 1962 1090 2026; x_wconf 93' lang='lat' dir='ltr'><strong>pro</strong></span> <span class='ocrx_word' id='word_1_108' title='bbox 1112 1941 1243 2006; x_wconf 88' lang='lat' dir='ltr'><strong>crimine</strong></span> <span class='ocrx_word' id='word_1_109' title='bbox 1266 1961 1415 2024; x_wconf 89' lang='lat' dir='ltr'><strong>caesum,</strong></span> 
     </span>
     <span class='ocr_line' id='line_1_17' title="bbox 554 2044 1358 2130; baseline -0.002 -18"><span class='ocrx_word' id='word_1_110' title='bbox 554 2047 600 2112; x_wconf 91' lang='lat' dir='ltr'><strong>nil</strong></span> <span class='ocrx_word' id='word_1_111' title='bbox 623 2067 694 2113; x_wconf 87' lang='lat' dir='ltr'><strong>oum</strong></span> <span class='ocrx_word' id='word_1_112' title='bbox 717 2045 912 2130; x_wconf 83' lang='lat' dir='ltr'><strong>martyribus</strong></span> <span class='ocrx_word' id='word_1_113' title='bbox 935 2044 998 2110; x_wconf 90' lang='lat' dir='ltr'><strong>sibi</strong></span> <span class='ocrx_word' id='word_1_114' title='bbox 1020 2045 1213 2130; x_wconf 89' lang='lat' dir='ltr'><strong>participare</strong></span> <span class='ocrx_word' id='word_1_115' title='bbox 1234 2045 1358 2128; x_wconf 88' lang='lat' dir='ltr'><strong>beatis,</strong></span> 
     </span>
     <span class='ocr_line' id='line_1_18' title="bbox 555 2149 1535 2234; baseline 0 -20"><span class='ocrx_word' id='word_1_116' title='bbox 555 2150 606 2215; x_wconf 88' lang='lat' dir='ltr'><strong>his</strong></span> <span class='ocrx_word' id='word_1_117' title='bbox 628 2150 704 2234; x_wconf 89' lang='lat' dir='ltr'><strong>quia</strong></span> <span class='ocrx_word' id='word_1_118' title='bbox 725 2150 835 2234; x_wconf 85' lang='lat' dir='ltr'><strong>palma</strong></span> <span class='ocrx_word' id='word_1_119' title='bbox 857 2154 982 2230; x_wconf 90' lang='lat' dir='ltr'><strong>manet,</strong></span> <span class='ocrx_word' id='word_1_120' title='bbox 1009 2169 1083 2212; x_wconf 90' lang='lat' dir='ltr'><strong>nam</strong></span> <span class='ocrx_word' id='word_1_121' title='bbox 1107 2168 1142 2214; x_wconf 90' lang='lat' dir='ltr'><strong>se</strong></span> <span class='ocrx_word' id='word_1_122' title='bbox 1165 2149 1251 2214; x_wconf 92' lang='lat' dir='ltr'><strong>male</strong></span> <span class='ocrx_word' id='word_1_123' title='bbox 1274 2169 1379 2233; x_wconf 90' lang='lat' dir='ltr'><strong>poena</strong></span> <span class='ocrx_word' id='word_1_124' title='bbox 1400 2156 1535 2214; x_wconf 89' lang='lat' dir='ltr'><strong>teneret.</strong></span> 
     </span>
     <span class='ocr_line' id='line_1_19' title="bbox 555 2251 1283 2334; baseline -0.004 -15"><span class='ocrx_word' id='word_1_125' title='bbox 555 2254 702 2319; x_wconf 90' lang='lat' dir='ltr'><strong>omnibus</strong></span> <span class='ocrx_word' id='word_1_126' title='bbox 725 2253 870 2334; x_wconf 84' lang='lat' dir='ltr'><strong>auditur,</strong></span> <span class='ocrx_word' id='word_1_127' title='bbox 896 2252 1032 2317; x_wconf 88' lang='lat' dir='ltr'><strong>Martino</strong></span> <span class='ocrx_word' id='word_1_128' title='bbox 1055 2251 1195 2317; x_wconf 91' lang='lat' dir='ltr'><strong>cernitur</strong></span> <span class='ocrx_word' id='word_1_129' title='bbox 1217 2251 1283 2316; x_wconf 88' lang='lat' dir='ltr'><strong>uni.</strong></span> 
     </span>
     <span class='ocr_line' id='line_1_20' title="bbox 556 2356 1259 2441; baseline -0.003 -19"><span class='ocrx_word' id='word_1_130' title='bbox 556 2357 615 2422; x_wconf 91' lang='lat' dir='ltr'><strong>ilia</strong></span> <span class='ocrx_word' id='word_1_131' title='bbox 637 2357 822 2441; x_wconf 88' lang='lat' dir='ltr'><strong>superstitio</strong></span> <span class='ocrx_word' id='word_1_132' title='bbox 845 2356 904 2421; x_wconf 86' lang='lat' dir='ltr'><strong>tali</strong></span> <span class='ocrx_word' id='word_1_133' title='bbox 926 2357 986 2421; x_wconf 90' lang='lat' dir='ltr'><strong>sub</strong></span> <span class='ocrx_word' id='word_1_134' title='bbox 1009 2360 1093 2422; x_wconf 88' lang='lat' dir='ltr'><strong>sorte</strong></span> <span class='ocrx_word' id='word_1_135' title='bbox 1116 2361 1259 2437; x_wconf 88' lang='lat' dir='ltr'><strong>vetatur,</strong></span> 
     </span>
     <span class='ocr_line' id='line_1_21' title="bbox 557 2458 1349 2544; baseline -0.004 -19"><span class='ocrx_word' id='word_1_136' title='bbox 557 2460 603 2525; x_wconf 89' lang='lat' dir='ltr'><strong>sie</strong></span> <span class='ocrx_word' id='word_1_137' title='bbox 625 2460 709 2526; x_wconf 86' lang='lat' dir='ltr'><strong>altar</strong></span> <span class='ocrx_word' id='word_1_138' title='bbox 730 2459 849 2544; x_wconf 87' lang='lat' dir='ltr'><strong>pariter</strong></span> <span class='ocrx_word' id='word_1_139' title='bbox 870 2465 1067 2540; x_wconf 90' lang='lat' dir='ltr'><strong>removetur,</strong></span> <span class='ocrx_word' id='word_1_140' title='bbox 1095 2459 1185 2523; x_wconf 90' lang='lat' dir='ltr'><strong>larva</strong></span> <span class='ocrx_word' id='word_1_141' title='bbox 1207 2458 1349 2541; x_wconf 84' lang='lat' dir='ltr'><strong>fugatur.</strong></span> 
     </span>
     <span class='ocr_line' id='line_1_22' title="bbox 642 2561 1332 2647; baseline -0.004 -18"><span class='ocrx_word' id='word_1_142' title='bbox 642 2564 719 2629; x_wconf 87' lang='lat' dir='ltr'><strong>Post</strong></span> <span class='ocrx_word' id='word_1_143' title='bbox 741 2563 804 2629; x_wconf 85' lang='lat' dir='ltr'><strong>iter</strong></span> <span class='ocrx_word' id='word_1_144' title='bbox 826 2562 983 2647; x_wconf 88' lang='lat' dir='ltr'><strong>arripiens</strong></span> <span class='ocrx_word' id='word_1_145' title='bbox 1005 2561 1156 2628; x_wconf 87' lang='lat' dir='ltr'><strong>comitatu</strong></span> <span class='ocrx_word' id='word_1_146' title='bbox 1179 2561 1332 2645; x_wconf 83' lang='lat' dir='ltr'><strong>religioso</strong></span> 
     </span>
     <span class='ocr_line' id='line_1_23' title="bbox 496 2666 1267 2756; baseline -0.004 -22"><span class='ocrx_word' id='word_1_147' title='bbox 496 2751 499 2756; x_wconf 15' lang='grc' dir='ltr'>ἱ</span> <span class='ocrx_word' id='word_1_148' title='bbox 558 2667 703 2752; x_wconf 84' lang='lat' dir='ltr'><strong>exequiis</strong></span> <span class='ocrx_word' id='word_1_149' title='bbox 726 2667 832 2732; x_wconf 87' lang='lat' dir='ltr'><strong>subito</strong></span> <span class='ocrx_word' id='word_1_150' title='bbox 855 2666 1036 2750; x_wconf 83' lang='lat' dir='ltr'><strong>gentilibus·</strong></span> <span class='ocrx_word' id='word_1_151' title='bbox 1054 2666 1167 2731; x_wconf 89' lang='lat' dir='ltr'><strong>obvius</strong></span> <span class='ocrx_word' id='word_1_152' title='bbox 1191 2666 1267 2731; x_wconf 85' lang='lat' dir='ltr'><strong>exit.</strong></span> 
     </span>
    </p>

    <p class='ocr_par' dir='ltr' id='par_1_4' title="bbox 540 2767 1422 2855">
     <span class='ocr_line' id='line_1_24' title="bbox 540 2767 1422 2855; baseline 0.005 -25"><span class='ocrx_word' id='word_1_153' title='bbox 540 2772 634 2837; x_wconf 50' lang='lat' dir='ltr'><strong>¹dnm</strong></span> <span class='ocrx_word' id='word_1_154' title='bbox 656 2776 749 2855; x_wconf 87' lang='lat' dir='ltr'><strong>putat</strong></span> <span class='ocrx_word' id='word_1_155' title='bbox 769 2770 845 2835; x_wconf 91' lang='lat' dir='ltr'><strong>inde</strong></span> <span class='ocrx_word' id='word_1_156' title='bbox 868 2769 943 2834; x_wconf 87' lang='lat' dir='ltr'><strong>vehi</strong></span> <span class='ocrx_word' id='word_1_157' title='bbox 966 2769 1053 2835; x_wconf 90' lang='lat' dir='ltr'><strong>cultu</strong></span> <span class='ocrx_word' id='word_1_158' title='bbox 1076 2769 1250 2835; x_wconf 89' lang='lat' dir='ltr'><strong>simulacra</strong></span> <span class='ocrx_word' id='word_1_159' title='bbox 1271 2767 1422 2853; x_wconf 83' lang='lat' dir='ltr'><strong>profano,</strong></span> 
     </span>
    </p>
   </div>
   <div class='ocr_carea' id='block_1_3' title="bbox 215 3030 1861 4905">
    <p class='ocr_par' dir='ltr' id='par_1_5' title="bbox 215 3030 1854 3439">
     <span class='ocr_line' id='line_1_25' title="bbox 222 3030 1851 3096; baseline -0.002 -11"><span class='ocrx_word' id='word_1_160' title='bbox 222 3037 263 3085; x_wconf 88' lang='lat' dir='ltr'><strong>dle</strong></span> <span class='ocrx_word' id='word_1_161' title='bbox 281 3037 393 3084; x_wconf 85' lang='lat' dir='ltr'><strong>cilicium</strong></span> <span class='ocrx_word' id='word_1_162' title='bbox 413 3039 481 3096; x_wconf 89' lang='lat' dir='ltr'><strong>erat,</strong></span> <span class='ocrx_word' id='word_1_163' title='bbox 502 3033 656 3080; x_wconf 89' lang='lat' dir='ltr'><strong>interclusus</strong></span> <span class='ocrx_word' id='word_1_164' title='bbox 674 3047 689 3079; x_wconf 91' lang='lat' dir='ltr'><strong>a</strong></span> <span class='ocrx_word' id='word_1_165' title='bbox 706 3031 798 3092; x_wconf 87' lang='lat' dir='ltr'><strong>populo</strong></span> <span class='ocrx_word' id='word_1_166' title='bbox 815 3030 953 3086; x_wconf 77' lang='lat' dir='ltr'><strong>defuisset,</strong></span> <span class='ocrx_word' id='word_1_167' title='bbox 974 3031 1082 3077; x_wconf 88' lang='lat' dir='ltr'><strong>turbatis</strong></span> <span class='ocrx_word' id='word_1_168' title='bbox 1101 3031 1238 3091; x_wconf 83' lang='lat' dir='ltr'><strong>ministris,</strong></span> <span class='ocrx_word' id='word_1_169' title='bbox 1258 3030 1319 3078; x_wconf 92' lang='lat' dir='ltr'><strong>dum</strong></span> <span class='ocrx_word' id='word_1_170' title='bbox 1337 3035 1485 3092; x_wconf 84' lang='lat' dir='ltr'><strong>expectatur</strong></span> <span class='ocrx_word' id='word_1_171' title='bbox 1502 3031 1546 3092; x_wconf 92' lang='lat' dir='ltr'><strong>qui</strong></span> <span class='ocrx_word' id='word_1_172' title='bbox 1565 3044 1613 3081; x_wconf 93' lang='lat' dir='ltr'><strong>non</strong></span> <span class='ocrx_word' id='word_1_173' title='bbox 1632 3032 1732 3094; x_wconf 85' lang='lat' dir='ltr'><strong>aderat,</strong></span> <span class='ocrx_word' id='word_1_174' title='bbox 1753 3047 1819 3081; x_wconf 90' lang='lat' dir='ltr'><strong>unus</strong></span> <span class='ocrx_word' id='word_1_175' title='bbox 1837 3048 1851 3082; x_wconf 91' lang='lat' dir='ltr'><strong>e</strong></span> 
     </span>
     <span class='ocr_line' id='line_1_26' title="bbox 221 3115 1853 3180; baseline 0 -12"><span class='ocrx_word' id='word_1_176' title='bbox 221 3120 444 3170; x_wconf 73' lang='lat' dir='ltr'><strong>circumstantibus</strong></span> <span class='ocrx_word' id='word_1_177' title='bbox 463 3122 563 3180; x_wconf 87' lang='lat' dir='ltr'><strong>sumpto</strong></span> <span class='ocrx_word' id='word_1_178' title='bbox 580 3117 714 3179; x_wconf 81' lang='lat' dir='ltr'><strong>psalterio,</strong></span> <span class='ocrx_word' id='word_1_179' title='bbox 738 3130 813 3177; x_wconf 90' lang='lat' dir='ltr'><strong>quern</strong></span> <span class='ocrx_word' id='word_1_180' title='bbox 832 3118 942 3179; x_wconf 88' lang='lat' dir='ltr'><strong>primum</strong></span> <span class='ocrx_word' id='word_1_181' title='bbox 960 3129 1061 3164; x_wconf 87' lang='lat' dir='ltr'><strong>versum</strong></span> <span class='ocrx_word' id='word_1_182' title='bbox 1078 3115 1191 3174; x_wconf 88' lang='lat' dir='ltr'><strong>invenit,</strong></span> <span class='ocrx_word' id='word_1_183' title='bbox 1211 3116 1326 3178; x_wconf 89' lang='lat' dir='ltr'><strong>arripuit.</strong></span> <span class='ocrx_word' id='word_1_184' title='bbox 1367 3118 1400 3176; x_wconf 83' lang='grc'><strong>(6)</strong></span> <span class='ocrx_word' id='word_1_185' title='bbox 1421 3116 1532 3178; x_wconf 89' lang='lat' dir='ltr'><strong>psalmus</strong></span> <span class='ocrx_word' id='word_1_186' title='bbox 1550 3122 1634 3166; x_wconf 88' lang='lat' dir='ltr'><strong>antem</strong></span> <span class='ocrx_word' id='word_1_187' title='bbox 1653 3119 1693 3167; x_wconf 89' lang='lat' dir='ltr'><strong>bic</strong></span> <span class='ocrx_word' id='word_1_188' title='bbox 1711 3123 1780 3168; x_wconf 88' lang='lat' dir='ltr'><strong>erat:</strong></span> <span class='ocrx_word' id='word_1_189' title='bbox 1808 3119 1853 3168; x_wconf 86' lang='lat' dir='ltr'><strong>‘ex</strong></span> 
     </span>
     <span class='ocr_line' id='line_1_27' title="bbox 221 3201 1852 3265; baseline -0.001 -9"><span class='ocrx_word' id='word_1_190' title='bbox 221 3221 262 3256; x_wconf 91' lang='lat' dir='ltr'><strong>ore</strong></span> <span class='ocrx_word' id='word_1_191' title='bbox 280 3209 414 3256; x_wconf 78' lang='lat' dir='ltr'><strong>infantium</strong></span> <span class='ocrx_word' id='word_1_192' title='bbox 434 3209 460 3253; x_wconf 89' lang='lat' dir='ltr'><strong>et</strong></span> <span class='ocrx_word' id='word_1_193' title='bbox 477 3205 625 3252; x_wconf 90' lang='lat' dir='ltr'><strong>lactantium</strong></span> <span class='ocrx_word' id='word_1_194' title='bbox 643 3205 774 3264; x_wconf 81' lang='lat' dir='ltr'><strong>perfecisti</strong></span> <span class='ocrx_word' id='word_1_195' title='bbox 793 3203 891 3251; x_wconf 89' lang='lat' dir='ltr'><strong>landem</strong></span> <span class='ocrx_word' id='word_1_196' title='bbox 912 3207 1014 3265; x_wconf 93' lang='lat' dir='ltr'><strong>propter</strong></span> <span class='ocrx_word' id='word_1_197' title='bbox 1038 3203 1152 3250; x_wconf 87' lang='lat' dir='ltr'><strong>inimicos</strong></span> <span class='ocrx_word' id='word_1_198' title='bbox 1178 3206 1249 3262; x_wconf 88' lang='lat' dir='ltr'><strong>tuos,</strong></span> <span class='ocrx_word' id='word_1_199' title='bbox 1274 3207 1304 3250; x_wconf 92' lang='lat' dir='ltr'><strong>nt</strong></span> <span class='ocrx_word' id='word_1_200' title='bbox 1328 3201 1442 3250; x_wconf 88' lang='lat' dir='ltr'><strong>destruas</strong></span> <span class='ocrx_word' id='word_1_201' title='bbox 1467 3204 1600 3252; x_wconf 89' lang='lat' dir='ltr'><strong>inimicum</strong></span> <span class='ocrx_word' id='word_1_202' title='bbox 1624 3210 1651 3253; x_wconf 90' lang='lat' dir='ltr'><strong>et</strong></span> <span class='ocrx_word' id='word_1_203' title='bbox 1673 3205 1852 3256; x_wconf 78' lang='lat' dir='ltr'><strong>defensorem’.</strong></span> 
     </span>
     <span class='ocr_line' id='line_1_28' title="bbox 215 3285 1854 3356; baseline -0.002 -14"><span class='ocrx_word' id='word_1_204' title='bbox 215 3285 273 3356; x_wconf 72' lang='lat' dir='ltr'><strong>&#39;quo</strong></span> <span class='ocrx_word' id='word_1_205' title='bbox 291 3295 356 3342; x_wconf 88' lang='lat' dir='ltr'><strong>lecto</strong></span> <span class='ocrx_word' id='word_1_206' title='bbox 375 3294 466 3340; x_wconf 85' lang='lat' dir='ltr'><strong>elamor</strong></span> <span class='ocrx_word' id='word_1_207' title='bbox 483 3291 571 3354; x_wconf 90' lang='lat' dir='ltr'><strong>popuii</strong></span> <span class='ocrx_word' id='word_1_208' title='bbox 589 3289 702 3352; x_wconf 90' lang='lat' dir='ltr'><strong>tollitur,</strong></span> <span class='ocrx_word' id='word_1_209' title='bbox 730 3303 787 3350; x_wconf 89' lang='lat' dir='ltr'><strong>pars</strong></span> <span class='ocrx_word' id='word_1_210' title='bbox 806 3289 905 3338; x_wconf 85' lang='lat' dir='ltr'><strong>diversa</strong></span> <span class='ocrx_word' id='word_1_211' title='bbox 922 3288 1094 3338; x_wconf 85' lang='lat' dir='ltr'><strong>contunditur.</strong></span> <span class='ocrx_word' id='word_1_212' title='bbox 1135 3289 1169 3350; x_wconf 81' lang='grc'><strong>(7)</strong></span> <span class='ocrx_word' id='word_1_213' title='bbox 1190 3293 1266 3350; x_wconf 85' lang='lat' dir='ltr'><strong>atque</strong></span> <span class='ocrx_word' id='word_1_214' title='bbox 1283 3289 1320 3336; x_wconf 89' lang='lat' dir='ltr'><strong>lta</strong></span> <span class='ocrx_word' id='word_1_215' title='bbox 1337 3288 1452 3337; x_wconf 85' lang='lat' dir='ltr'><strong>habitum</strong></span> <span class='ocrx_word' id='word_1_216' title='bbox 1470 3295 1522 3350; x_wconf 89' lang='lat' dir='ltr'><strong>est,</strong></span> <span class='ocrx_word' id='word_1_217' title='bbox 1543 3290 1630 3339; x_wconf 86' lang='lat' dir='ltr'><strong>divino</strong></span> <span class='ocrx_word' id='word_1_218' title='bbox 1648 3297 1713 3339; x_wconf 88' lang='lat' dir='ltr'><strong>nutu</strong></span> <span class='ocrx_word' id='word_1_219' title='bbox 1731 3292 1854 3353; x_wconf 88' lang='lat' dir='ltr'><strong>psalmum</strong></span> 
     </span>
     <span class='ocr_line' id='line_1_29' title="bbox 220 3380 622 3439; baseline -0.01 -11"><span class='ocrx_word' id='word_1_220' title='bbox 220 3380 289 3428; x_wconf 89' lang='lat' dir='ltr'><strong>hunc</strong></span> <span class='ocrx_word' id='word_1_221' title='bbox 306 3381 400 3428; x_wconf 88' lang='lat' dir='ltr'><strong>lectum</strong></span> <span class='ocrx_word' id='word_1_222' title='bbox 416 3380 498 3427; x_wconf 83' lang='lat' dir='ltr'><strong>luisse</strong></span> <span class='ocrx_word' id='word_1_223' title='bbox 517 3391 537 3427; x_wconf 85' lang='lat' dir='ltr'><strong>e.</strong></span> <span class='ocrx_word' id='word_1_224' title='bbox 559 3391 582 3439; x_wconf 84' lang='lat' dir='ltr'><strong>q.</strong></span> <span class='ocrx_word' id='word_1_225' title='bbox 602 3390 622 3425; x_wconf 86' lang='lat' dir='ltr'><strong>a.</strong></span> 
     </span>
    </p>

    <p class='ocr_par' dir='ltr' id='par_1_6' title="bbox 223 3459 1860 4645">
     <span class='ocr_line' id='line_1_30' title="bbox 292 3459 1856 3526; baseline -0.001 -13"><span class='ocrx_word' id='word_1_226' title='bbox 292 3467 334 3526; x_wconf 88' lang='lat'><strong>10,</strong></span> <span class='ocrx_word' id='word_1_227' title='bbox 354 3467 371 3513; x_wconf 80' lang='grc'><strong>2</strong></span> <span class='ocrx_word' id='word_1_228' title='bbox 394 3466 480 3526; x_wconf 83' lang='lat' dir='ltr'><strong>Atque</strong></span> <span class='ocrx_word' id='word_1_229' title='bbox 498 3465 550 3525; x_wconf 87' lang='lat' dir='ltr'><strong>ite,</strong></span> <span class='ocrx_word' id='word_1_230' title='bbox 569 3462 664 3525; x_wconf 92' lang='lat' dir='ltr'><strong>plenus</strong></span> <span class='ocrx_word' id='word_1_231' title='bbox 683 3462 840 3510; x_wconf 77' lang='lat' dir='ltr'><strong>auctoritatis</strong></span> <span class='ocrx_word' id='word_1_232' title='bbox 858 3465 884 3509; x_wconf 87' lang='lat' dir='ltr'><strong>et</strong></span> <span class='ocrx_word' id='word_1_233' title='bbox 902 3461 1008 3522; x_wconf 73' lang='lat' dir='ltr'><strong>gratiae,</strong></span> <span class='ocrx_word' id='word_1_234' title='bbox 1031 3459 1145 3522; x_wconf 83' lang='lat' dir='ltr'><strong>inplebat</strong></span> <span class='ocrx_word' id='word_1_235' title='bbox 1162 3461 1272 3523; x_wconf 82' lang='lat' dir='ltr'><strong>episcopi</strong></span> <span class='ocrx_word' id='word_1_236' title='bbox 1291 3461 1457 3525; x_wconf 79' lang='lat' dir='ltr'><strong>dignitatem,</strong></span> <span class='ocrx_word' id='word_1_237' title='bbox 1485 3466 1581 3511; x_wconf 89' lang='lat' dir='ltr'><strong>utnon</strong></span> <span class='ocrx_word' id='word_1_238' title='bbox 1600 3467 1684 3512; x_wconf 89' lang='lat' dir='ltr'><strong>tamen</strong></span> <span class='ocrx_word' id='word_1_239' title='bbox 1703 3465 1856 3526; x_wconf 88' lang='lat' dir='ltr'><strong>propositum</strong></span> 
     </span>
     <span class='ocr_line' id='line_1_31' title="bbox 223 3547 1858 3611; baseline -0.002 -12"><span class='ocrx_word' id='word_1_240' title='bbox 223 3550 337 3600; x_wconf 88' lang='lat' dir='ltr'><strong>monachi</strong></span> <span class='ocrx_word' id='word_1_241' title='bbox 356 3551 526 3611; x_wconf 81' lang='lat' dir='ltr'><strong>virtutemque</strong></span> <span class='ocrx_word' id='word_1_242' title='bbox 545 3548 681 3600; x_wconf 88' lang='lat' dir='ltr'><strong>desereret.</strong></span> <span class='ocrx_word' id='word_1_243' title='bbox 722 3547 754 3610; x_wconf 84' lang='grc'><strong>(3)</strong></span> <span class='ocrx_word' id='word_1_244' title='bbox 783 3547 930 3609; x_wconf 89' lang='lat' dir='ltr'><strong>aliquandiu</strong></span> <span class='ocrx_word' id='word_1_245' title='bbox 947 3559 1006 3608; x_wconf 76' lang='lat' dir='ltr'><strong>ergo</strong></span> <span class='ocrx_word' id='word_1_246' title='bbox 1025 3547 1170 3595; x_wconf 86' lang='lat' dir='ltr'><strong>adhaerenti</strong></span> <span class='ocrx_word' id='word_1_247' title='bbox 1188 3547 1218 3595; x_wconf 90' lang='lat' dir='ltr'><strong>ed</strong></span> <span class='ocrx_word' id='word_1_248' title='bbox 1238 3548 1369 3595; x_wconf 77' lang='lat' dir='ltr'><strong>ecclesiam</strong></span> <span class='ocrx_word' id='word_1_249' title='bbox 1387 3549 1478 3596; x_wconf 88' lang='lat' dir='ltr'><strong>cellula</strong></span> <span class='ocrx_word' id='word_1_250' title='bbox 1496 3563 1558 3597; x_wconf 83' lang='lat' dir='ltr'><strong>risus</strong></span> <span class='ocrx_word' id='word_1_251' title='bbox 1576 3555 1627 3598; x_wconf 86' lang='lat' dir='ltr'><strong>est:</strong></span> <span class='ocrx_word' id='word_1_252' title='bbox 1653 3549 1711 3598; x_wconf 91' lang='lat' dir='ltr'><strong>dein</strong></span> <span class='ocrx_word' id='word_1_253' title='bbox 1736 3564 1793 3598; x_wconf 91' lang='lat' dir='ltr'><strong>cum</strong></span> <span class='ocrx_word' id='word_1_254' title='bbox 1817 3550 1858 3597; x_wconf 92' lang='lat' dir='ltr'><strong>in·</strong></span> 
     </span>
     <span class='ocr_line' id='line_1_32' title="bbox 224 3631 1858 3699; baseline 0 -15"><span class='ocrx_word' id='word_1_255' title='bbox 224 3637 401 3699; x_wconf 84' lang='lat' dir='ltr'><strong>quietudinem</strong></span> <span class='ocrx_word' id='word_1_256' title='bbox 420 3650 447 3684; x_wconf 90' lang='lat' dir='ltr'><strong>se</strong></span> <span class='ocrx_word' id='word_1_257' title='bbox 466 3635 683 3696; x_wconf 83' lang='lat' dir='ltr'><strong>frequentantium</strong></span> <span class='ocrx_word' id='word_1_258' title='bbox 700 3634 765 3682; x_wconf 83' lang='lat' dir='ltr'><strong>terre</strong></span> <span class='ocrx_word' id='word_1_259' title='bbox 778 3647 826 3682; x_wconf 93' lang='lat' dir='ltr'><strong>non</strong></span> <span class='ocrx_word' id='word_1_260' title='bbox 840 3638 933 3696; x_wconf 85' lang='lat' dir='ltr'><strong>posset,</strong></span> <span class='ocrx_word' id='word_1_261' title='bbox 955 3631 1052 3681; x_wconf 90' lang='lat' dir='ltr'><strong>duobus</strong></span> <span class='ocrx_word' id='word_1_262' title='bbox 1070 3634 1123 3680; x_wconf 87' lang='lat' dir='ltr'><strong>iere</strong></span> <span class='ocrx_word' id='word_1_263' title='bbox 1142 3637 1214 3681; x_wconf 80' lang='lat' dir='ltr'><strong>extra</strong></span> <span class='ocrx_word' id='word_1_264' title='bbox 1232 3634 1360 3681; x_wconf 83' lang='lat' dir='ltr'><strong>civitatem</strong></span> <span class='ocrx_word' id='word_1_265' title='bbox 1378 3634 1481 3682; x_wconf 88' lang='lat' dir='ltr'><strong>milibus</strong></span> <span class='ocrx_word' id='word_1_266' title='bbox 1499 3637 1679 3686; x_wconf 85' lang='lat' dir='ltr'><strong>monasterium</strong></span> <span class='ocrx_word' id='word_1_267' title='bbox 1698 3637 1747 3684; x_wconf 88' lang='lat' dir='ltr'><strong>sihi</strong></span> <span class='ocrx_word' id='word_1_268' title='bbox 1766 3637 1858 3685; x_wconf 89' lang='lat' dir='ltr'><strong>statuit</strong></span> 
     </span>
     <span class='ocr_line' id='line_1_33' title="bbox 223 3710 1859 3785; baseline 0 -15"><span class='ocrx_word' id='word_1_269' title='bbox 223 3737 243 3772; x_wconf 82' lang='lat' dir='ltr'><strong>e.</strong></span> <span class='ocrx_word' id='word_1_270' title='bbox 258 3739 280 3785; x_wconf 84' lang='lat' dir='ltr'><strong>q.</strong></span> <span class='ocrx_word' id='word_1_271' title='bbox 296 3735 315 3770; x_wconf 87' lang='lat' dir='ltr'><strong>s.</strong></span> <span class='ocrx_word' id='word_1_272' title='bbox 392 3722 423 3785; x_wconf 81' lang='grc'><strong>(5)</strong></span> <span class='ocrx_word' id='word_1_273' title='bbox 448 3721 567 3784; x_wconf 88' lang='lat' dir='ltr'><strong>discipuli</strong></span> <span class='ocrx_word' id='word_1_274' title='bbox 580 3723 632 3769; x_wconf 87' lang='lat' dir='ltr'><strong>iere</strong></span> <span class='ocrx_word' id='word_1_275' title='bbox 645 3721 769 3780; x_wconf 76' lang='lat' dir='ltr'><strong>octoginta</strong></span> <span class='ocrx_word' id='word_1_276' title='bbox 782 3725 861 3782; x_wconf 84' lang='lat' dir='ltr'><strong>erant,</strong></span> <span class='ocrx_word' id='word_1_277' title='bbox 884 3720 928 3781; x_wconf 91' lang='lat' dir='ltr'><strong>qul</strong></span> <span class='ocrx_word' id='word_1_278' title='bbox 941 3718 972 3767; x_wconf 92' lang='lat' dir='ltr'><strong>ad</strong></span> <span class='ocrx_word' id='word_1_279' title='bbox 985 3720 1130 3780; x_wconf 84' lang='lat' dir='ltr'><strong>exemplum</strong></span> <span class='ocrx_word' id='word_1_280' title='bbox 1142 3719 1209 3768; x_wconf 87' lang='lat' dir='ltr'><strong>beati</strong></span> <span class='ocrx_word' id='word_1_281' title='bbox 1223 3720 1335 3780; x_wconf 75' lang='lat' dir='ltr'><strong>magistri</strong></span> <span class='ocrx_word' id='word_1_282' title='bbox 1346 3710 1558 3772; x_wconf 86' lang='lat' dir='ltr'><strong>instituebantur.</strong></span> <span class='ocrx_word' id='word_1_283' title='bbox 1599 3721 1634 3784; x_wconf 84' lang='grc'><strong>(6)</strong></span> <span class='ocrx_word' id='word_1_284' title='bbox 1654 3723 1859 3784; x_wconf 88' lang='lat' dir='ltr'><strong>nemolhlquic-</strong></span> 
     </span>
     <span class='ocr_line' id='line_1_34' title="bbox 223 3805 1857 3871; baseline 0.001 -15"><span class='ocrx_word' id='word_1_285' title='bbox 223 3823 297 3871; x_wconf 88' lang='lat' dir='ltr'><strong>quern</strong></span> <span class='ocrx_word' id='word_1_286' title='bbox 310 3809 439 3871; x_wconf 89' lang='lat' dir='ltr'><strong>proprium</strong></span> <span class='ocrx_word' id='word_1_287' title='bbox 452 3823 473 3858; x_wconf 82' lang='lat' dir='ltr'><strong>a.</strong></span> <span class='ocrx_word' id='word_1_288' title='bbox 489 3823 511 3871; x_wconf 83' lang='lat' dir='ltr'><strong>q.</strong></span> <span class='ocrx_word' id='word_1_289' title='bbox 526 3824 546 3857; x_wconf 83' lang='lat' dir='ltr'><strong>a.</strong></span> <span class='ocrx_word' id='word_1_290' title='bbox 589 3808 639 3869; x_wconf 78' lang='lat' dir='ltr'><strong>iii,</strong></span> <span class='ocrx_word' id='word_1_291' title='bbox 663 3809 685 3870; x_wconf 90' lang='lat' dir='ltr'><strong>i)</strong></span> <span class='ocrx_word' id='word_1_292' title='bbox 706 3807 752 3854; x_wconf 86' lang='lat' dir='ltr'><strong>sed</strong></span> <span class='ocrx_word' id='word_1_293' title='bbox 765 3809 795 3855; x_wconf 90' lang='lat' dir='ltr'><strong>nt</strong></span> <span class='ocrx_word' id='word_1_294' title='bbox 806 3807 917 3868; x_wconf 85' lang='lat' dir='ltr'><strong>reliquas</strong></span> <span class='ocrx_word' id='word_1_295' title='bbox 929 3807 1038 3854; x_wconf 80' lang='lat' dir='ltr'><strong>virtutes</strong></span> <span class='ocrx_word' id='word_1_296' title='bbox 1051 3807 1115 3866; x_wconf 86' lang='lat' dir='ltr'><strong>eius,</strong></span> <span class='ocrx_word' id='word_1_297' title='bbox 1130 3819 1193 3866; x_wconf 85' lang='lat' dir='ltr'><strong>quas</strong></span> <span class='ocrx_word' id='word_1_298' title='bbox 1204 3807 1233 3854; x_wconf 92' lang='lat' dir='ltr'><strong>in</strong></span> <span class='ocrx_word' id='word_1_299' title='bbox 1245 3805 1391 3868; x_wconf 87' lang='lat' dir='ltr'><strong>episcopatu</strong></span> <span class='ocrx_word' id='word_1_300' title='bbox 1404 3809 1464 3870; x_wconf 77' lang='lat' dir='ltr'><strong>egit,</strong></span> <span class='ocrx_word' id='word_1_301' title='bbox 1486 3807 1622 3870; x_wconf 75' lang='lat' dir='ltr'><strong>adgrediar,</strong></span> <span class='ocrx_word' id='word_1_302' title='bbox 1645 3813 1698 3856; x_wconf 89' lang='lat' dir='ltr'><strong>erat</strong></span> <span class='ocrx_word' id='word_1_303' title='bbox 1710 3808 1771 3857; x_wconf 85' lang='lat' dir='ltr'><strong>haut</strong></span> <span class='ocrx_word' id='word_1_304' title='bbox 1784 3809 1857 3868; x_wconf 72' lang='lat' dir='ltr'><strong>longe</strong></span> 
     </span>
     <span class='ocr_line' id='line_1_35' title="bbox 225 3891 1855 3957; baseline 0 -15"><span class='ocrx_word' id='word_1_305' title='bbox 225 3896 255 3942; x_wconf 90' lang='lat' dir='ltr'><strong>sh</strong></span> <span class='ocrx_word' id='word_1_306' title='bbox 268 3893 360 3956; x_wconf 86' lang='lat' dir='ltr'><strong>oppido</strong></span> <span class='ocrx_word' id='word_1_307' title='bbox 372 3895 504 3956; x_wconf 85' lang='lat' dir='ltr'><strong>proximus</strong></span> <span class='ocrx_word' id='word_1_308' title='bbox 523 3893 673 3942; x_wconf 87' lang='lat' dir='ltr'><strong>monasterio</strong></span> <span class='ocrx_word' id='word_1_309' title='bbox 691 3893 769 3953; x_wconf 88' lang='lat' dir='ltr'><strong>locus,</strong></span> <span class='ocrx_word' id='word_1_310' title='bbox 789 3907 865 3954; x_wconf 89' lang='lat' dir='ltr'><strong>quem</strong></span> <span class='ocrx_word' id='word_1_311' title='bbox 884 3892 946 3940; x_wconf 87' lang='lat' dir='ltr'><strong>laisa</strong></span> <span class='ocrx_word' id='word_1_312' title='bbox 964 3891 1093 3940; x_wconf 88' lang='lat' dir='ltr'><strong>hominnm</strong></span> <span class='ocrx_word' id='word_1_313' title='bbox 1112 3892 1204 3953; x_wconf 88' lang='lat' dir='ltr'><strong>opinio,</strong></span> <span class='ocrx_word' id='word_1_314' title='bbox 1226 3891 1297 3940; x_wconf 86' lang='lat' dir='ltr'><strong>velut</strong></span> <span class='ocrx_word' id='word_1_315' title='bbox 1309 3892 1463 3955; x_wconf 86' lang='lat' dir='ltr'><strong>consepultis</strong></span> <span class='ocrx_word' id='word_1_316' title='bbox 1476 3895 1511 3942; x_wconf 93' lang='lat' dir='ltr'><strong>ihi</strong></span> <span class='ocrx_word' id='word_1_317' title='bbox 1524 3895 1681 3957; x_wconf 84' lang='lat' dir='ltr'><strong>martyribus,</strong></span> <span class='ocrx_word' id='word_1_318' title='bbox 1704 3899 1855 3942; x_wconf 84' lang='lat' dir='ltr'><strong>sacraverat:</strong></span> 
     </span>
     <span class='ocr_line' id='line_1_36' title="bbox 228 3978 1859 4042; baseline 0 -14"><span class='ocrx_word' id='word_1_319' title='bbox 228 3981 260 4042; x_wconf 84' lang='grc'><strong>(2)</strong></span> <span class='ocrx_word' id='word_1_320' title='bbox 282 3995 339 4028; x_wconf 86' lang='lat' dir='ltr'><strong>narn</strong></span> <span class='ocrx_word' id='word_1_321' title='bbox 352 3984 378 4028; x_wconf 91' lang='lat' dir='ltr'><strong>et</strong></span> <span class='ocrx_word' id='word_1_322' title='bbox 390 3980 467 4028; x_wconf 84' lang='lat' dir='ltr'><strong>altare</strong></span> <span class='ocrx_word' id='word_1_323' title='bbox 480 3981 516 4029; x_wconf 94' lang='lat' dir='ltr'><strong>ihi</strong></span> <span class='ocrx_word' id='word_1_324' title='bbox 528 3995 542 4028; x_wconf 93' lang='lat' dir='ltr'><strong>a</strong></span> <span class='ocrx_word' id='word_1_325' title='bbox 553 3980 727 4042; x_wconf 88' lang='lat' dir='ltr'><strong>superioribus</strong></span> <span class='ocrx_word' id='word_1_326' title='bbox 738 3979 863 4041; x_wconf 86' lang='lat' dir='ltr'><strong>episcopis</strong></span> <span class='ocrx_word' id='word_1_327' title='bbox 877 3979 1045 4028; x_wconf 87' lang='lat' dir='ltr'><strong>constitutum</strong></span> <span class='ocrx_word' id='word_1_328' title='bbox 1058 3979 1203 4026; x_wconf 89' lang='lat' dir='ltr'><strong>habebatur.</strong></span> <span class='ocrx_word' id='word_1_329' title='bbox 1236 3978 1281 4027; x_wconf 88' lang='lat' dir='ltr'><strong>sed</strong></span> <span class='ocrx_word' id='word_1_330' title='bbox 1293 3979 1417 4028; x_wconf 88' lang='lat' dir='ltr'><strong>hisrtinua</strong></span> <span class='ocrx_word' id='word_1_331' title='bbox 1435 3993 1484 4028; x_wconf 92' lang='lat' dir='ltr'><strong>non</strong></span> <span class='ocrx_word' id='word_1_332' title='bbox 1503 3984 1597 4029; x_wconf 87' lang='lat' dir='ltr'><strong>temere</strong></span> <span class='ocrx_word' id='word_1_333' title='bbox 1616 3980 1737 4029; x_wconf 89' lang='lat' dir='ltr'><strong>sdhlhens</strong></span> <span class='ocrx_word' id='word_1_334' title='bbox 1755 3981 1859 4028; x_wconf 85' lang='lat' dir='ltr'><strong>incertis</strong></span> 
     </span>
     <span class='ocr_line' id='line_1_37' title="bbox 225 4063 1858 4129; baseline -0.001 -14"><span class='ocrx_word' id='word_1_335' title='bbox 225 4067 300 4115; x_wconf 89' lang='lat' dir='ltr'><strong>tidem</strong></span> <span class='ocrx_word' id='word_1_336' title='bbox 313 4081 334 4114; x_wconf 83' lang='lat' dir='ltr'><strong>e.</strong></span> <span class='ocrx_word' id='word_1_337' title='bbox 347 4083 368 4129; x_wconf 86' lang='lat' dir='ltr'><strong>q.</strong></span> <span class='ocrx_word' id='word_1_338' title='bbox 380 4081 399 4114; x_wconf 82' lang='lat' dir='ltr'><strong>a.</strong></span> <span class='ocrx_word' id='word_1_339' title='bbox 460 4067 491 4128; x_wconf 79' lang='grc'><strong>(3)</strong></span> <span class='ocrx_word' id='word_1_340' title='bbox 506 4093 541 4102; x_wconf 91' lang='grc'>-</span> <span class='ocrx_word' id='word_1_341' title='bbox 553 4065 659 4128; x_wconf 88' lang='lat' dir='ltr'><strong>quodam</strong></span> <span class='ocrx_word' id='word_1_342' title='bbox 674 4064 716 4112; x_wconf 93' lang='lat' dir='ltr'><strong>die</strong></span> <span class='ocrx_word' id='word_1_343' title='bbox 728 4065 815 4126; x_wconf 87' lang='lat' dir='ltr'><strong>paucis</strong></span> <span class='ocrx_word' id='word_1_344' title='bbox 828 4078 912 4114; x_wconf 88' lang='lat' dir='ltr'><strong>secum</strong></span> <span class='ocrx_word' id='word_1_345' title='bbox 925 4064 1045 4112; x_wconf 82' lang='lat' dir='ltr'><strong>adhibitis</strong></span> <span class='ocrx_word' id='word_1_346' title='bbox 1059 4065 1180 4112; x_wconf 87' lang='lat' dir='ltr'><strong>iratribus</strong></span> <span class='ocrx_word' id='word_1_347' title='bbox 1191 4063 1222 4111; x_wconf 92' lang='lat' dir='ltr'><strong>ad</strong></span> <span class='ocrx_word' id='word_1_348' title='bbox 1235 4064 1314 4113; x_wconf 91' lang='lat' dir='ltr'><strong>locum</strong></span> <span class='ocrx_word' id='word_1_349' title='bbox 1328 4066 1419 4128; x_wconf 74' lang='lat' dir='ltr'><strong>pergit.</strong></span> <span class='ocrx_word' id='word_1_350' title='bbox 1454 4064 1487 4128; x_wconf 75' lang='lat' dir='ltr'><strong>(a)</strong></span> <span class='ocrx_word' id='word_1_351' title='bbox 1506 4065 1597 4114; x_wconf 87' lang='lat' dir='ltr'><strong>dehine</strong></span> <span class='ocrx_word' id='word_1_352' title='bbox 1609 4079 1687 4128; x_wconf 87' lang='lat' dir='ltr'><strong>anper</strong></span> <span class='ocrx_word' id='word_1_353' title='bbox 1698 4065 1858 4128; x_wconf 84' lang='lat' dir='ltr'><strong>sepulchrum</strong></span> 
     </span>
     <span class='ocr_line' id='line_1_38' title="bbox 225 4151 1859 4214; baseline -0.001 -13"><span class='ocrx_word' id='word_1_354' title='bbox 225 4155 306 4214; x_wconf 87' lang='lat' dir='ltr'><strong>ipsum</strong></span> <span class='ocrx_word' id='word_1_355' title='bbox 325 4153 428 4201; x_wconf 87' lang='lat' dir='ltr'><strong>adstans</strong></span> <span class='ocrx_word' id='word_1_356' title='bbox 445 4154 525 4200; x_wconf 84' lang='lat' dir='ltr'><strong>orarit</strong></span> <span class='ocrx_word' id='word_1_357' title='bbox 542 4153 573 4201; x_wconf 91' lang='lat' dir='ltr'><strong>ad</strong></span> <span class='ocrx_word' id='word_1_358' title='bbox 591 4153 733 4214; x_wconf 88' lang='lat' dir='ltr'><strong>dominum,</strong></span> <span class='ocrx_word' id='word_1_359' title='bbox 761 4155 791 4198; x_wconf 91' lang='lat' dir='ltr'><strong>ut</strong></span> <span class='ocrx_word' id='word_1_360' title='bbox 814 4152 872 4212; x_wconf 87' lang='lat' dir='ltr'><strong>quis</strong></span> <span class='ocrx_word' id='word_1_361' title='bbox 895 4156 963 4199; x_wconf 88' lang='lat' dir='ltr'><strong>esset</strong></span> <span class='ocrx_word' id='word_1_362' title='bbox 988 4151 1027 4200; x_wconf 85' lang='lat' dir='ltr'><strong>vel</strong></span> <span class='ocrx_word' id='word_1_363' title='bbox 1046 4151 1119 4199; x_wconf 88' lang='lat' dir='ltr'><strong>culus</strong></span> <span class='ocrx_word' id='word_1_364' title='bbox 1138 4151 1221 4199; x_wconf 89' lang='lat' dir='ltr'><strong>meriti</strong></span> <span class='ocrx_word' id='word_1_365' title='bbox 1240 4155 1307 4200; x_wconf 87' lang='lat' dir='ltr'><strong>esset</strong></span> <span class='ocrx_word' id='word_1_366' title='bbox 1325 4152 1442 4212; x_wconf 88' lang='lat' dir='ltr'><strong>sepultus</strong></span> <span class='ocrx_word' id='word_1_367' title='bbox 1459 4152 1612 4201; x_wconf 89' lang='lat' dir='ltr'><strong>estenderet.</strong></span> <span class='ocrx_word' id='word_1_368' title='bbox 1650 4156 1704 4200; x_wconf 87' lang='lat' dir='ltr'><strong>tum</strong></span> <span class='ocrx_word' id='word_1_369' title='bbox 1724 4165 1859 4200; x_wconf 85' lang='lat' dir='ltr'><strong>eorrversns</strong></span> 
     </span>
     <span class='ocr_line' id='line_1_39' title="bbox 225 4236 1858 4302; baseline 0 -16"><span class='ocrx_word' id='word_1_370' title='bbox 225 4239 256 4286; x_wconf 89' lang='lat' dir='ltr'><strong>ad</strong></span> <span class='ocrx_word' id='word_1_371' title='bbox 274 4239 367 4286; x_wconf 89' lang='lat' dir='ltr'><strong>iseram</strong></span> <span class='ocrx_word' id='word_1_372' title='bbox 386 4237 456 4286; x_wconf 84' lang='lat' dir='ltr'><strong>videt</strong></span> <span class='ocrx_word' id='word_1_373' title='bbox 473 4251 549 4302; x_wconf 89' lang='lat' dir='ltr'><strong>prope</strong></span> <span class='ocrx_word' id='word_1_374' title='bbox 567 4239 691 4287; x_wconf 84' lang='lat' dir='ltr'><strong>adsistere</strong></span> <span class='ocrx_word' id='word_1_375' title='bbox 710 4239 823 4286; x_wconf 85' lang='lat' dir='ltr'><strong>umbram</strong></span> <span class='ocrx_word' id='word_1_376' title='bbox 843 4236 983 4298; x_wconf 87' lang='lat' dir='ltr'><strong>sordidam,</strong></span> <span class='ocrx_word' id='word_1_377' title='bbox 1010 4242 1122 4287; x_wconf 73' lang='lat' dir='ltr'><strong>nucem:</strong></span> <span class='ocrx_word' id='word_1_378' title='bbox 1149 4237 1258 4300; x_wconf 89' lang='lat' dir='ltr'><strong>imperat</strong></span> <span class='ocrx_word' id='word_1_379' title='bbox 1276 4249 1367 4285; x_wconf 90' lang='lat' dir='ltr'><strong>nomen</strong></span> <span class='ocrx_word' id='word_1_380' title='bbox 1386 4237 1555 4300; x_wconf 89' lang='lat' dir='ltr'><strong>meritumque</strong></span> <span class='ocrx_word' id='word_1_381' title='bbox 1574 4239 1728 4301; x_wconf 88' lang='lat' dir='ltr'><strong>loqueretur.</strong></span> <span class='ocrx_word' id='word_1_382' title='bbox 1767 4251 1858 4286; x_wconf 89' lang='lat' dir='ltr'><strong>nornen</strong></span> 
     </span>
     <span class='ocr_line' id='line_1_40' title="bbox 226 4323 1860 4386; baseline 0.001 -14"><span class='ocrx_word' id='word_1_383' title='bbox 226 4324 315 4386; x_wconf 87' lang='lat' dir='ltr'><strong>edicit,</strong></span> <span class='ocrx_word' id='word_1_384' title='bbox 343 4324 374 4372; x_wconf 89' lang='lat' dir='ltr'><strong>dc</strong></span> <span class='ocrx_word' id='word_1_385' title='bbox 392 4326 500 4374; x_wconf 76' lang='lat' dir='ltr'><strong>emmine</strong></span> <span class='ocrx_word' id='word_1_386' title='bbox 519 4326 664 4374; x_wconf 82' lang='lat' dir='ltr'><strong>confltetur:</strong></span> <span class='ocrx_word' id='word_1_387' title='bbox 692 4325 812 4372; x_wconf 87' lang='lat' dir='ltr'><strong>iatronem</strong></span> <span class='ocrx_word' id='word_1_388' title='bbox 830 4337 858 4372; x_wconf 92' lang='lat' dir='ltr'><strong>se</strong></span> <span class='ocrx_word' id='word_1_389' title='bbox 875 4323 969 4384; x_wconf 84' lang='lat' dir='ltr'><strong>luisse,</strong></span> <span class='ocrx_word' id='word_1_390' title='bbox 999 4325 1030 4371; x_wconf 93' lang='lat' dir='ltr'><strong>oh</strong></span> <span class='ocrx_word' id='word_1_391' title='bbox 1048 4323 1140 4372; x_wconf 85' lang='lat' dir='ltr'><strong>scelera</strong></span> <span class='ocrx_word' id='word_1_392' title='bbox 1158 4337 1320 4386; x_wconf 88' lang='lat' dir='ltr'><strong>percussum,</strong></span> <span class='ocrx_word' id='word_1_393' title='bbox 1341 4323 1412 4384; x_wconf 74' lang='lat' dir='ltr'><strong>vulgi</strong></span> <span class='ocrx_word' id='word_1_394' title='bbox 1431 4337 1512 4372; x_wconf 88' lang='lat' dir='ltr'><strong>errore</strong></span> <span class='ocrx_word' id='word_1_395' title='bbox 1530 4325 1698 4375; x_wconf 82' lang='lat' dir='ltr'><strong>celebratum:</strong></span> <span class='ocrx_word' id='word_1_396' title='bbox 1724 4325 1773 4373; x_wconf 89' lang='lat' dir='ltr'><strong>sihi</strong></span> <span class='ocrx_word' id='word_1_397' title='bbox 1791 4325 1860 4376; x_wconf 92' lang='lat' dir='ltr'><strong>nihil</strong></span> 
     </span>
     <span class='ocr_line' id='line_1_41' title="bbox 226 4409 1856 4473; baseline 0 -15"><span class='ocrx_word' id='word_1_398' title='bbox 226 4424 284 4458; x_wconf 89' lang='lat' dir='ltr'><strong>cum</strong></span> <span class='ocrx_word' id='word_1_399' title='bbox 302 4413 451 4470; x_wconf 84' lang='lat' dir='ltr'><strong>martyribus</strong></span> <span class='ocrx_word' id='word_1_400' title='bbox 469 4424 524 4460; x_wconf 84' lang='lat' dir='ltr'><strong>esse</strong></span> <span class='ocrx_word' id='word_1_401' title='bbox 542 4424 687 4472; x_wconf 90' lang='lat' dir='ltr'><strong>commune,</strong></span> <span class='ocrx_word' id='word_1_402' title='bbox 713 4425 770 4460; x_wconf 88' lang='lat' dir='ltr'><strong>cum</strong></span> <span class='ocrx_word' id='word_1_403' title='bbox 788 4411 846 4459; x_wconf 92' lang='lat' dir='ltr'><strong>illos</strong></span> <span class='ocrx_word' id='word_1_404' title='bbox 864 4409 956 4471; x_wconf 72' lang='lat' dir='ltr'><strong>gloria,</strong></span> <span class='ocrx_word' id='word_1_405' title='bbox 982 4422 1009 4457; x_wconf 91' lang='lat' dir='ltr'><strong>ae</strong></span> <span class='ocrx_word' id='word_1_406' title='bbox 1027 4422 1109 4471; x_wconf 89' lang='lat' dir='ltr'><strong>poena</strong></span> <span class='ocrx_word' id='word_1_407' title='bbox 1126 4409 1256 4460; x_wconf 88' lang='lat' dir='ltr'><strong>retineret.</strong></span> <span class='ocrx_word' id='word_1_408' title='bbox 1297 4411 1330 4471; x_wconf 80' lang='grc'><strong>(5)</strong></span> <span class='ocrx_word' id='word_1_409' title='bbox 1352 4411 1443 4459; x_wconf 91' lang='lat' dir='ltr'><strong>mirum</strong></span> <span class='ocrx_word' id='word_1_410' title='bbox 1461 4411 1488 4458; x_wconf 90' lang='lat' dir='ltr'><strong>in</strong></span> <span class='ocrx_word' id='word_1_411' title='bbox 1507 4410 1607 4461; x_wconf 90' lang='lat' dir='ltr'><strong>modum</strong></span> <span class='ocrx_word' id='word_1_412' title='bbox 1627 4425 1711 4460; x_wconf 84' lang='lat' dir='ltr'><strong>vocem</strong></span> <span class='ocrx_word' id='word_1_413' title='bbox 1728 4411 1856 4473; x_wconf 86' lang='lat' dir='ltr'><strong>loquentia</strong></span> 
     </span>
     <span class='ocr_line' id='line_1_42' title="bbox 227 4495 1860 4560; baseline 0 -16"><span class='ocrx_word' id='word_1_414' title='bbox 227 4499 270 4560; x_wconf 91' lang='lat' dir='ltr'><strong>qui</strong></span> <span class='ocrx_word' id='word_1_415' title='bbox 289 4497 392 4546; x_wconf 85' lang='lat' dir='ltr'><strong>aderant</strong></span> <span class='ocrx_word' id='word_1_416' title='bbox 409 4497 558 4560; x_wconf 90' lang='lat' dir='ltr'><strong>audiebant,</strong></span> <span class='ocrx_word' id='word_1_417' title='bbox 585 4511 717 4560; x_wconf 88' lang='lat' dir='ltr'><strong>personam</strong></span> <span class='ocrx_word' id='word_1_418' title='bbox 735 4501 820 4545; x_wconf 70' lang='lat' dir='ltr'><strong>umen</strong></span> <span class='ocrx_word' id='word_1_419' title='bbox 837 4509 887 4545; x_wconf 94' lang='lat' dir='ltr'><strong>uon</strong></span> <span class='ocrx_word' id='word_1_420' title='bbox 905 4495 1034 4545; x_wconf 82' lang='lat' dir='ltr'><strong>videbant.</strong></span> <span class='ocrx_word' id='word_1_421' title='bbox 1072 4501 1127 4544; x_wconf 88' lang='lat' dir='ltr'><strong>tum</strong></span> <span class='ocrx_word' id='word_1_422' title='bbox 1145 4496 1273 4545; x_wconf 81' lang='lat' dir='ltr'><strong>Martinus</strong></span> <span class='ocrx_word' id='word_1_423' title='bbox 1291 4496 1353 4558; x_wconf 89' lang='lat' dir='ltr'><strong>quid</strong></span> <span class='ocrx_word' id='word_1_424' title='bbox 1371 4496 1480 4546; x_wconf 81' lang='lat' dir='ltr'><strong>vidisset</strong></span> <span class='ocrx_word' id='word_1_425' title='bbox 1498 4498 1617 4559; x_wconf 84' lang='lat' dir='ltr'><strong>exposuit</strong></span> <span class='ocrx_word' id='word_1_426' title='bbox 1635 4498 1760 4560; x_wconf 86' lang='lat' dir='ltr'><strong>iussitque</strong></span> <span class='ocrx_word' id='word_1_427' title='bbox 1779 4510 1811 4545; x_wconf 78' lang='lat' dir='ltr'><strong>ex</strong></span> <span class='ocrx_word' id='word_1_428' title='bbox 1829 4511 1860 4546; x_wconf 88' lang='lat' dir='ltr'><strong>en</strong></span> 
     </span>
     <span class='ocr_line' id='line_1_43' title="bbox 227 4582 1625 4645; baseline 0 -13"><span class='ocrx_word' id='word_1_429' title='bbox 227 4585 280 4632; x_wconf 92' lang='lat' dir='ltr'><strong>loco</strong></span> <span class='ocrx_word' id='word_1_430' title='bbox 297 4583 382 4644; x_wconf 86' lang='lat' dir='ltr'><strong>altere,</strong></span> <span class='ocrx_word' id='word_1_431' title='bbox 404 4583 524 4645; x_wconf 91' lang='lat' dir='ltr'><strong>quodibi</strong></span> <span class='ocrx_word' id='word_1_432' title='bbox 544 4584 633 4643; x_wconf 88' lang='lat' dir='ltr'><strong>iuerat,</strong></span> <span class='ocrx_word' id='word_1_433' title='bbox 656 4584 806 4644; x_wconf 85' lang='lat' dir='ltr'><strong>submoveri,</strong></span> <span class='ocrx_word' id='word_1_434' title='bbox 827 4589 904 4645; x_wconf 91' lang='lat' dir='ltr'><strong>atque</strong></span> <span class='ocrx_word' id='word_1_435' title='bbox 921 4583 957 4630; x_wconf 87' lang='lat' dir='ltr'><strong>lte</strong></span> <span class='ocrx_word' id='word_1_436' title='bbox 974 4582 1097 4645; x_wconf 90' lang='lat' dir='ltr'><strong>populum</strong></span> <span class='ocrx_word' id='word_1_437' title='bbox 1116 4583 1304 4644; x_wconf 86' lang='lat' dir='ltr'><strong>superstitionis</strong></span> <span class='ocrx_word' id='word_1_438' title='bbox 1322 4583 1393 4632; x_wconf 91' lang='lat' dir='ltr'><strong>illius</strong></span> <span class='ocrx_word' id='word_1_439' title='bbox 1412 4584 1519 4633; x_wconf 83' lang='lat' dir='ltr'><strong>absolsit</strong></span> <span class='ocrx_word' id='word_1_440' title='bbox 1536 4597 1625 4632; x_wconf 88' lang='lat' dir='ltr'><strong>errore.</strong></span> 
     </span>
    </p>

    <p class='ocr_par' dir='ltr' id='par_1_7' title="bbox 229 4669 1861 4905">
     <span class='ocr_line' id='line_1_44' title="bbox 299 4669 1861 4733; baseline -0.001 -15"><span class='ocrx_word' id='word_1_441' title='bbox 299 4670 339 4731; x_wconf 82' lang='grc'><strong>12,</strong></span> <span class='ocrx_word' id='word_1_442' title='bbox 364 4674 376 4717; x_wconf 84' lang='grc'><strong><em>1</em></strong></span> <span class='ocrx_word' id='word_1_443' title='bbox 401 4671 502 4718; x_wconf 83' lang='lat' dir='ltr'><strong>Accidit</strong></span> <span class='ocrx_word' id='word_1_444' title='bbox 519 4677 603 4718; x_wconf 89' lang='lat' dir='ltr'><strong>autem</strong></span> <span class='ocrx_word' id='word_1_445' title='bbox 621 4671 766 4732; x_wconf 84' lang='lat' dir='ltr'><strong>insequenti</strong></span> <span class='ocrx_word' id='word_1_446' title='bbox 785 4675 910 4732; x_wconf 89' lang='lat' dir='ltr'><strong>tempore,</strong></span> <span class='ocrx_word' id='word_1_447' title='bbox 932 4670 992 4718; x_wconf 93' lang='lat' dir='ltr'><strong>dum</strong></span> <span class='ocrx_word' id='word_1_448' title='bbox 1011 4671 1059 4717; x_wconf 88' lang='lat' dir='ltr'><strong>iter</strong></span> <span class='ocrx_word' id='word_1_449' title='bbox 1077 4676 1178 4732; x_wconf 73' lang='lat' dir='ltr'><strong>ageret,</strong></span> <span class='ocrx_word' id='word_1_450' title='bbox 1199 4675 1229 4717; x_wconf 90' lang='lat' dir='ltr'><strong>ut</strong></span> <span class='ocrx_word' id='word_1_451' title='bbox 1246 4669 1349 4730; x_wconf 78' lang='lat' dir='ltr'><strong>gentilis</strong></span> <span class='ocrx_word' id='word_1_452' title='bbox 1367 4671 1497 4718; x_wconf 90' lang='lat' dir='ltr'><strong>cuiusdam</strong></span> <span class='ocrx_word' id='word_1_453' title='bbox 1515 4683 1620 4732; x_wconf 87' lang='lat' dir='ltr'><strong>corpus,</strong></span> <span class='ocrx_word' id='word_1_454' title='bbox 1643 4671 1707 4733; x_wconf 89' lang='lat' dir='ltr'><strong>quod</strong></span> <span class='ocrx_word' id='word_1_455' title='bbox 1726 4669 1756 4718; x_wconf 90' lang='lat' dir='ltr'><strong>sd</strong></span> <span class='ocrx_word' id='word_1_456' title='bbox 1775 4670 1861 4733; x_wconf 88' lang='lat' dir='ltr'><strong>sepni-</strong></span> 
     </span>
     <span class='ocr_line' id='line_1_45' title="bbox 229 4754 1857 4818; baseline 0.002 -17"><span class='ocrx_word' id='word_1_457' title='bbox 229 4755 317 4804; x_wconf 86' lang='lat' dir='ltr'><strong>chrum</strong></span> <span class='ocrx_word' id='word_1_458' title='bbox 339 4769 396 4803; x_wconf 90' lang='lat' dir='ltr'><strong>eum</strong></span> <span class='ocrx_word' id='word_1_459' title='bbox 420 4756 594 4818; x_wconf 88' lang='lat' dir='ltr'><strong>superstitioso</strong></span> <span class='ocrx_word' id='word_1_460' title='bbox 618 4757 708 4804; x_wconf 88' lang='lat' dir='ltr'><strong>iuuere</strong></span> <span class='ocrx_word' id='word_1_461' title='bbox 731 4755 905 4817; x_wconf 77' lang='lat' dir='ltr'><strong>deferebatur,</strong></span> <span class='ocrx_word' id='word_1_462' title='bbox 931 4755 1033 4803; x_wconf 80' lang='lat' dir='ltr'><strong>obvium</strong></span> <span class='ocrx_word' id='word_1_463' title='bbox 1058 4754 1173 4803; x_wconf 84' lang='lat' dir='ltr'><strong>haberet:</strong></span> <span class='ocrx_word' id='word_1_464' title='bbox 1203 4757 1411 4818; x_wconf 87' lang='lat' dir='ltr'><strong>conspicatusque</strong></span> <span class='ocrx_word' id='word_1_465' title='bbox 1438 4757 1538 4804; x_wconf 89' lang='lat' dir='ltr'><strong>eminus</strong></span> <span class='ocrx_word' id='word_1_466' title='bbox 1564 4757 1723 4806; x_wconf 83' lang='lat' dir='ltr'><strong>venientium</strong></span> <span class='ocrx_word' id='word_1_467' title='bbox 1751 4757 1857 4818; x_wconf 87' lang='lat' dir='ltr'><strong>turham,</strong></span> 
     </span>
     <span class='ocr_line' id='line_1_46' title="bbox 229 4841 1861 4905; baseline 0.001 -16"><span class='ocrx_word' id='word_1_468' title='bbox 229 4841 349 4903; x_wconf 89' lang='lat' dir='ltr'><strong>quidnam</strong></span> <span class='ocrx_word' id='word_1_469' title='bbox 373 4841 401 4889; x_wconf 91' lang='lat' dir='ltr'><strong>id</strong></span> <span class='ocrx_word' id='word_1_470' title='bbox 427 4847 495 4890; x_wconf 89' lang='lat' dir='ltr'><strong>esset</strong></span> <span class='ocrx_word' id='word_1_471' title='bbox 517 4843 634 4904; x_wconf 77' lang='lat' dir='ltr'><strong>ignarus,</strong></span> <span class='ocrx_word' id='word_1_472' title='bbox 660 4842 791 4904; x_wconf 88' lang='lat' dir='ltr'><strong>paululum</strong></span> <span class='ocrx_word' id='word_1_473' title='bbox 816 4843 902 4892; x_wconf 88' lang='lat' dir='ltr'><strong>stetit:</strong></span> <span class='ocrx_word' id='word_1_474' title='bbox 928 4855 986 4890; x_wconf 88' lang='lat' dir='ltr'><strong>nam</strong></span> <span class='ocrx_word' id='word_1_475' title='bbox 1010 4843 1063 4891; x_wconf 89' lang='lat' dir='ltr'><strong>iere</strong></span> <span class='ocrx_word' id='word_1_476' title='bbox 1084 4843 1279 4905; x_wconf 72' lang='lat' dir='ltr'><strong>quingentorum</strong></span> <span class='ocrx_word' id='word_1_477' title='bbox 1296 4856 1417 4904; x_wconf 74' lang='lat' dir='ltr'><strong>pusuum</strong></span> <span class='ocrx_word' id='word_1_478' title='bbox 1436 4843 1596 4891; x_wconf 85' lang='lat' dir='ltr'><strong>intervallum</strong></span> <span class='ocrx_word' id='word_1_479' title='bbox 1615 4847 1681 4905; x_wconf 88' lang='lat' dir='ltr'><strong>erat,</strong></span> <span class='ocrx_word' id='word_1_480' title='bbox 1707 4849 1737 4891; x_wconf 88' lang='lat' dir='ltr'><strong>ut</strong></span> <span class='ocrx_word' id='word_1_481' title='bbox 1755 4842 1861 4890; x_wconf 86' lang='lat' dir='ltr'><strong>diiiieile</strong></span> 
     </span>
    </p>
   </div>
   <div class='ocr_carea' id='block_1_4' title="bbox 236 5084 645 5092">
    <p class='ocr_par' dir='ltr' id='par_1_8' title="bbox 236 5084 645 5092">
     <span class='ocr_line' id='line_1_47' title="bbox 236 5084 645 5092; baseline 0.007 -2"><span class='ocrx_word' id='word_1_482' title='bbox 236 5084 645 5092; x_wconf 51' lang='lat' dir='ltr'><strong>—m—</strong></span> 
     </span>
    </p>
   </div>
   <div class='ocr_carea' id='block_1_5' title="bbox 229 5267 1862 5678">
    <p class='ocr_par' dir='ltr' id='par_1_9' title="bbox 229 5267 1862 5678">
     <span class='ocr_line' id='line_1_48' title="bbox 297 5267 1862 5334; baseline -0.002 -13"><span class='ocrx_word' id='word_1_483' title='bbox 297 5271 347 5322; x_wconf 82' lang='grc'><strong>215</strong></span> <span class='ocrx_word' id='word_1_484' title='bbox 363 5274 455 5333; x_wconf 81' lang='lat' dir='ltr'><strong>psalm.</strong></span> <span class='ocrx_word' id='word_1_485' title='bbox 474 5273 500 5331; x_wconf 84' lang='grc'><strong>8,</strong></span> <span class='ocrx_word' id='word_1_486' title='bbox 521 5272 538 5319; x_wconf 87' lang='grc'><strong>3</strong></span> <span class='ocrx_word' id='word_1_487' title='bbox 650 5269 788 5318; x_wconf 82' lang='lat' dir='ltr'><strong>infantium</strong></span> <span class='ocrx_word' id='word_1_488' title='bbox 808 5267 868 5317; x_wconf 76' lang='lat' dir='ltr'><strong>Nlri¹</strong></span> <span class='ocrx_word' id='word_1_489' title='bbox 983 5272 1129 5318; x_wconf 88' lang='lat' dir='ltr'><strong>lactantium</strong></span> <span class='ocrx_word' id='word_1_490' title='bbox 1148 5271 1246 5320; x_wconf 77' lang='lat' dir='ltr'><strong>PlNli¹</strong></span> <span class='ocrx_word' id='word_1_491' title='bbox 1359 5273 1459 5334; x_wconf 80' lang='lat' dir='ltr'><strong>perteue</strong></span> <span class='ocrx_word' id='word_1_492' title='bbox 1482 5272 1503 5318; x_wconf 78' lang='grc' dir='ltr'><strong><em>Τ</em></strong></span> <span class='ocrx_word' id='word_1_493' title='bbox 1614 5269 1664 5320; x_wconf 87' lang='grc'><strong>216</strong></span> <span class='ocrx_word' id='word_1_494' title='bbox 1683 5270 1815 5319; x_wconf 89' lang='lat' dir='ltr'><strong>deiensore</strong></span> <span class='ocrx_word' id='word_1_495' title='bbox 1833 5283 1862 5318; x_wconf 77' lang='lat' dir='ltr'><strong>ec</strong></span> 
     </span>
     <span class='ocr_line' id='line_1_49' title="bbox 229 5351 1861 5423; baseline -0.002 -17"><span class='ocrx_word' id='word_1_496' title='bbox 229 5359 358 5407; x_wconf 85' lang='lat' dir='ltr'><strong>detonsore</strong></span> <span class='ocrx_word' id='word_1_497' title='bbox 377 5362 389 5406; x_wconf 93' lang='lat' dir='ltr'><strong>i</strong></span> <span class='ocrx_word' id='word_1_498' title='bbox 410 5373 444 5406; x_wconf 90' lang='lat' dir='ltr'><strong>m.</strong></span> <span class='ocrx_word' id='word_1_499' title='bbox 466 5357 491 5404; x_wconf 89' lang='lat' dir='ltr'><strong><em>N</em></strong></span> <span class='ocrx_word' id='word_1_500' title='bbox 592 5357 703 5406; x_wconf 86' lang='lat' dir='ltr'><strong>destruis</strong></span> <span class='ocrx_word' id='word_1_501' title='bbox 725 5351 756 5420; x_wconf 80' lang='lat' dir='ltr'><strong>L]</strong></span> <span class='ocrx_word' id='word_1_502' title='bbox 774 5356 881 5403; x_wconf 89' lang='lat' dir='ltr'><strong>distruis</strong></span> <span class='ocrx_word' id='word_1_503' title='bbox 898 5357 953 5405; x_wconf 88' lang='lat' dir='ltr'><strong>rell.</strong></span> <span class='ocrx_word' id='word_1_504' title='bbox 1060 5357 1148 5418; x_wconf 91' lang='lat' dir='ltr'><strong>inquid</strong></span> <span class='ocrx_word' id='word_1_505' title='bbox 1166 5357 1197 5404; x_wconf 76' lang='lat' dir='ltr'><strong>Pi</strong></span> <span class='ocrx_word' id='word_1_506' title='bbox 1303 5357 1352 5406; x_wconf 77' lang='lat' dir='ltr'><strong>tii</strong></span> <span class='ocrx_word' id='word_1_507' title='bbox 1372 5353 1447 5423; x_wconf 86' lang='lat' dir='ltr'><strong>atria]</strong></span> <span class='ocrx_word' id='word_1_508' title='bbox 1465 5358 1513 5405; x_wconf 94' lang='lat' dir='ltr'><strong>tria</strong></span> <span class='ocrx_word' id='word_1_509' title='bbox 1526 5355 1557 5404; x_wconf 79' lang='lat'><strong>1²¹</strong></span> <span class='ocrx_word' id='word_1_510' title='bbox 1663 5355 1713 5405; x_wconf 88' lang='grc'><strong>220</strong></span> <span class='ocrx_word' id='word_1_511' title='bbox 1732 5370 1782 5404; x_wconf 85' lang='lat' dir='ltr'><strong>xrrr</strong></span> <span class='ocrx_word' id='word_1_512' title='bbox 1801 5356 1861 5416; x_wconf 80' lang='lat' dir='ltr'><strong>Nisi,</strong></span> 
     </span>
     <span class='ocr_line' id='line_1_50' title="bbox 229 5439 1862 5505; baseline 0 -13"><span class='ocrx_word' id='word_1_513' title='bbox 229 5458 257 5492; x_wconf 88' lang='grc' dir='ltr'><strong>ιιι</strong></span> <span class='ocrx_word' id='word_1_514' title='bbox 276 5443 321 5492; x_wconf 83' lang='grc' dir='ltr'><strong>ΡΤ</strong></span> <span class='ocrx_word' id='word_1_515' title='bbox 437 5456 472 5490; x_wconf 80' lang='lat' dir='ltr'><strong>na</strong></span> <span class='ocrx_word' id='word_1_516' title='bbox 490 5455 571 5490; x_wconf 79' lang='lat' dir='ltr'><strong>ransc</strong></span> <span class='ocrx_word' id='word_1_517' title='bbox 589 5454 711 5490; x_wconf 77' lang='lat' dir='ltr'><strong>asarias</strong></span> <span class='ocrx_word' id='word_1_518' title='bbox 731 5440 755 5487; x_wconf 93' lang='lat' dir='ltr'><strong><em>N</em></strong></span> <span class='ocrx_word' id='word_1_519' title='bbox 874 5439 922 5489; x_wconf 90' lang='grc'><strong>223</strong></span> <span class='ocrx_word' id='word_1_520' title='bbox 942 5445 1007 5501; x_wconf 88' lang='lat' dir='ltr'><strong>olym</strong></span> <span class='ocrx_word' id='word_1_521' title='bbox 1029 5443 1052 5490; x_wconf 93' lang='lat' dir='ltr'><strong><em>N</em></strong></span> <span class='ocrx_word' id='word_1_522' title='bbox 1168 5441 1220 5494; x_wconf 82' lang='grc'><strong>226</strong></span> <span class='ocrx_word' id='word_1_523' title='bbox 1238 5445 1349 5492; x_wconf 87' lang='lat' dir='ltr'><strong>tumulos</strong></span> <span class='ocrx_word' id='word_1_524' title='bbox 1368 5445 1413 5491; x_wconf 82' lang='lat' dir='ltr'><strong>alit</strong></span> <span class='ocrx_word' id='word_1_525' title='bbox 1432 5445 1462 5505; x_wconf 82' lang='lat' dir='ltr'><strong>ll,</strong></span> <span class='ocrx_word' id='word_1_526' title='bbox 1482 5444 1592 5491; x_wconf 88' lang='lat' dir='ltr'><strong>tumulos</strong></span> <span class='ocrx_word' id='word_1_527' title='bbox 1610 5442 1663 5490; x_wconf 90' lang='lat' dir='ltr'><strong>adit</strong></span> <span class='ocrx_word' id='word_1_528' title='bbox 1682 5443 1714 5490; x_wconf 62' lang='grc' dir='ltr'><strong>1,ι</strong></span> <span class='ocrx_word' id='word_1_529' title='bbox 1818 5458 1862 5492; x_wconf 87' lang='lat' dir='ltr'><strong>se-</strong></span> 
     </span>
     <span class='ocr_line' id='line_1_51' title="bbox 229 5525 1860 5596; baseline -0.002 -18"><span class='ocrx_word' id='word_1_530' title='bbox 229 5527 345 5596; x_wconf 77' lang='lat' dir='ltr'><strong>pulchro]</strong></span> <span class='ocrx_word' id='word_1_531' title='bbox 364 5530 525 5593; x_wconf 87' lang='lat' dir='ltr'><strong>sepulchrum</strong></span> <span class='ocrx_word' id='word_1_532' title='bbox 544 5529 615 5579; x_wconf 86' lang='lat' dir='ltr'><strong>codd.</strong></span> <span class='ocrx_word' id='word_1_533' title='bbox 639 5526 791 5590; x_wconf 83' lang='lat' dir='ltr'><strong>(sepulcrum</strong></span> <span class='ocrx_word' id='word_1_534' title='bbox 810 5527 838 5586; x_wconf 73' lang='lat' dir='ltr'><strong>Sl</strong></span> <span class='ocrx_word' id='word_1_535' title='bbox 957 5527 1006 5577; x_wconf 88' lang='grc'><strong>232</strong></span> <span class='ocrx_word' id='word_1_536' title='bbox 1025 5531 1136 5578; x_wconf 83' lang='lat' dir='ltr'><strong>cernitur</strong></span> <span class='ocrx_word' id='word_1_537' title='bbox 1153 5543 1201 5578; x_wconf 87' lang='lat' dir='ltr'><strong>om.</strong></span> <span class='ocrx_word' id='word_1_538' title='bbox 1220 5530 1240 5575; x_wconf 87' lang='lat' dir='ltr'><em>T</em></span> <span class='ocrx_word' id='word_1_539' title='bbox 1357 5529 1407 5578; x_wconf 83' lang='grc'><strong>234</strong></span> <span class='ocrx_word' id='word_1_540' title='bbox 1426 5531 1503 5578; x_wconf 84' lang='lat' dir='ltr'><strong>altars</strong></span> <span class='ocrx_word' id='word_1_541' title='bbox 1522 5529 1546 5576; x_wconf 95' lang='lat' dir='ltr'><strong><em>N</em></strong></span> <span class='ocrx_word' id='word_1_542' title='bbox 1549 5525 1561 5562; x_wconf 74' lang='lat'>²</span> <span class='ocrx_word' id='word_1_543' title='bbox 1665 5527 1715 5578; x_wconf 85' lang='grc'><strong>235</strong></span> <span class='ocrx_word' id='word_1_544' title='bbox 1734 5543 1780 5577; x_wconf 81' lang='lat' dir='ltr'><strong>xrs</strong></span> <span class='ocrx_word' id='word_1_545' title='bbox 1801 5529 1860 5590; x_wconf 87' lang='grc' dir='ltr'><strong>ΝΜ,</strong></span> 
     </span>
     <span class='ocr_line' id='line_1_52' title="bbox 232 5611 1419 5678; baseline -0.002 -14"><span class='ocrx_word' id='word_1_546' title='bbox 232 5631 270 5665; x_wconf 81' lang='lat' dir='ltr'><strong>xri</strong></span> <span class='ocrx_word' id='word_1_547' title='bbox 291 5617 334 5663; x_wconf 78' lang='grc' dir='ltr'><strong>ΡΤ</strong></span> <span class='ocrx_word' id='word_1_548' title='bbox 438 5618 559 5676; x_wconf 76' lang='lat' dir='ltr'><strong>relegioso</strong></span> <span class='ocrx_word' id='word_1_549' title='bbox 578 5615 617 5678; x_wconf 81' lang='lat' dir='ltr'><strong>Pl,</strong></span> <span class='ocrx_word' id='word_1_550' title='bbox 639 5613 763 5672; x_wconf 75' lang='lat' dir='ltr'><strong>relligioso</strong></span> <span class='ocrx_word' id='word_1_551' title='bbox 781 5611 826 5658; x_wconf 84' lang='lat' dir='ltr'><strong>BL</strong></span> <span class='ocrx_word' id='word_1_552' title='bbox 930 5613 981 5662; x_wconf 75' lang='lat' dir='ltr'><strong>teo</strong></span> <span class='ocrx_word' id='word_1_553' title='bbox 999 5617 1117 5674; x_wconf 76' lang='lat' dir='ltr'><strong>gentihus</strong></span> <span class='ocrx_word' id='word_1_554' title='bbox 1137 5615 1171 5666; x_wconf 89' lang='grc' dir='ltr'><strong>Μ.</strong></span> <span class='ocrx_word' id='word_1_555' title='bbox 1193 5617 1356 5678; x_wconf 80' lang='lat' dir='ltr'><strong>pergentibus</strong></span> <span class='ocrx_word' id='word_1_556' title='bbox 1375 5616 1419 5662; x_wconf 55' lang='lat'><strong>1311</strong></span> 
     </span>
    </p>
   </div>
   <div class='ocr_carea' id='block_1_6' title="bbox 0 0 2298 6196">
    <p class='ocr_par' dir='ltr' id='par_1_10' title="bbox 0 0 2298 6196">
     <span class='ocr_line' id='line_1_53' title="bbox 0 0 2298 6196; baseline 0 0"><span class='ocrx_word' id='word_1_557' title='bbox 0 0 2298 6196; x_wconf 95' lang='lat' dir='ltr'><strong> </strong></span> 
     </span>
    </p>
   </div>
  </div>
 </body>
</html>
