4478 6188
1052 409 1055 418 ‚
1132 319 1333 384 csuuluvu

1206 691 1256 756 III

1074 848 1131 924 De
1159 846 1195 923 S.
1223 848 1384 924 Martiali

837 1019 962 1085 Christe
984 1019 1185 1106 principium
1199 1019 1272 1084 finis
1295 1019 1350 1084 lux
1374 1026 1423 1085 est
1445 1019 1498 1084 via
1520 1020 1682 1100 Christus,

749 1121 877 1187 nomine
900 1121 990 1188 ouius
1011 1123 1045 1186 in
1069 1121 1207 1188 almifluo
1229 1143 1419 1207 semperque
1442 1123 1536 1190 beato

749 1224 888 1290 Martiali
909 1232 1060 1292 resonant
1081 1225 1133 1291 hio
1154 1226 1365 1292 veracissima
1386 1233 1490 1310 gesta.

750 1327 822 1411 quis
845 1328 1007 1395 hominum
1031 1328 1129 1414 digne
1151 1330 1262 1396 valeat
1282 1328 1486 1396 doctissimus
1508 1352 1661 1414 umquam

749 1431 860 1514 quanti
883 1432 927 1498 eit
947 1433 1051 1499 meriti
1074 1433 1259 1518 praeclarus
1281 1435 1445 1519 apostolus
1466 1434 1528 1501 iste

749 1535 856 1602 dieere
878 1537 931 1603 rel
953 1556 1049 1622 prosa
1071 1537 1123 1602 vel
1145 1537 1248 1622 pulcri
1270 1537 1411 1624 carmine
1433 1539 1549 1605 metrii

749 1661 811 1723 quo
834 1640 949 1707 saltem
973 1640 1106 1707 modieis
1129 1639 1297 1707 decoretur
1318 1642 1438 1726 pagina
1460 1642 1580 1709 verbis.

749 1745 876 1810 'Pullius
898 1751 994 1829 atque
1016 1745 1104 1811 Maro
1126 1745 1272 1824 veniant,
1301 1745 1343 1813 sit
1364 1747 1477 1831 lingua
1498 1747 1665 1831 saieunda]

748 1848 895 1915 versibus
918 1855 974 1915 aut
996 1869 1127 1915 currens
1150 1855 1206 1915 aut
1229 1869 1344 1934 prosae
1366 1850 1490 1918 vellera
1512 1858 1644 1932 texens,

747 1959 906 2034 uentus,
934 1959 1045 2019 saneto
1067 1959 1175 2038 pater,
1200 1959 1349 2038 poterunt
1371 1953 1559 2038 depromere
1583 1963 1693 2038 gesta,

748 2055 844 2121 tellus
867 2062 898 2123 te
920 2057 1081 2138 Romana,
1108 2056 1225 2139 quibus
1248 2063 1280 2122 te
1304 2055 1431 2122 Gallica
1452 2057 1550 2122 tellus

747 2166 820 2244 post
842 2160 971 2226 Petrum
993 2160 1137 2226 recolunt
1158 2160 1314 2226 iuniorem
1336 2167 1427 2245 parte
1450 2161 1607 2242 secunda,

747 2284 819 2329 oum
842 2264 935 2329 Petro
958 2265 1102 2329 recolunt
1124 2264 1292 2347 aequalem
1316 2271 1400 2330 sorte
1424 2264 1532 2350 priori.

747 2366 928 2433 Beniamita
950 2367 1051 2432 tribus
1074 2374 1106 2434 te
1129 2367 1231 2452 gessit
1253 2367 1410 2452 sanguine
1432 2369 1535 2450 claro,

747 2470 823 2536 urbs
846 2477 878 2536 te
901 2490 986 2536 nuno
1007 2471 1124 2538 retinet
1146 2471 1318 2538 Lemovioa
1340 2492 1471 2556 corpore
1495 2479 1616 2538 saneto.

747 2573 821 2641 hino
844 2575 904 2640 tibi
926 2575 983 2656 sit,
1012 2595 1068 2641 rex
1091 2595 1225 2659 magne,
1252 2575 1349 2656 deus,
1377 2576 1449 2641 laus
1471 2576 1592 2660 gloria,
1618 2577 1762 2656 Christe,

748 2678 876 2745 Christe
899 2684 997 2764 eaput
1018 2677 1154 2761 finisque
1177 2679 1306 2761 eluens,
1333 2699 1397 2764 pax
1417 2677 1472 2744 lux
1494 2679 1564 2760 via,
1593 2680 1731 2747 Christe.

614 3283 689 3348 Tibi
712 3284 783 3348 laus
808 3281 976 3368 perennis,
1004 3287 1116 3347 auotor
1419 3282 1530 3347 Dnleis
1554 3291 1681 3349 saerata
1702 3283 1824 3350 blanda

614 3385 818 3472 baptismatis
842 3393 1001 3467 sacrator,
1419 3386 1523 3453 eleeto
1544 3407 1626 3471 pura
1648 3388 1776 3473 pulcra,

614 3489 669 3572 qui
692 3497 777 3556 sorte
799 3489 960 3574 passionis
1420 3490 1540 3555 sudans
1563 3490 1681 3557 honoro
1704 3492 1818 3574 mella,

614 3593 675 3659 das
697 3592 875 3682 praemium
898 3592 1023 3659 salutis.
1418 3593 1529 3678 rigans
1551 3594 1648 3661 odore
1671 3595 1822 3661 ohrisma.

548 3822 560 3858 n
615 3801 688 3865 Nox
712 3801 800 3866 clara
822 3801 896 3886 plus
918 3806 952 3866 et
972 3800 1076 3882 alma,
1417 3801 1456 3866 In
1478 3822 1544 3886 qua
1565 3801 1747 3888 redemptor
1768 3804 1853 3870 orbis

614 3904 828 3987 quamtum,
856 3903 904 3969 sol
927 3909 960 3970 et
983 3911 1087 3986 astru,
1419 3903 1460 3970 de
1482 3912 1583 3973 morte
1604 3907 1698 3971 vivus
1721 3907 1804 3989 exit,
1909 3971 1911 3973 ,

613 4025 696 4090 quae
719 4007 874 4072 luminum
897 4027 1013 4073 corona
1417 4016 1451 4075 et
1472 4028 1552 4093 quos
1574 4015 1690 4076 eatena
1712 4011 1815 4076 vinxit

612 4109 722 4176 reddis
745 4109 831 4176 diem
855 4129 913 4196 per
933 4111 1092 4178 umbram.
1418 4113 1564 4197 sepultus
1585 4113 1642 4179 ilie
1665 4114 1773 4180 solvit.

410 4357 820 4367 ..-—..-.--—.——-

482 4534 520 4581 111
538 4535 604 4580 artui
624 4532 650 4579 in
668 4527 720 4579 cod]
742 4529 861 4580 Laurum.
883 4531 937 4592 ΧΧ,
959 4531 975 4579 3
996 4531 1093 4593 (moui.
1112 4532 1160 4592 sol.
1180 4545 1200 4581 o.
1221 4529 1288 4591 XII)
1309 4529 1405 4593 1001,
1425 4529 1492 4581 unde
1509 4530 1604 4580 editum
1622 4537 1657 4580 eri
1674 4535 1702 4581 in
1720 4532 1850 4582 Amedoiis
1867 4535 1997 4584 litterariis
2014 4551 2046 4585 ιε

408 4634 466 4669 mas.
487 4619 557 4668 codd.
577 4620 654 4667 emtis
672 4618 764 4667 Εοηιαο
783 4619 850 4666 1183
864 4617 920 4666 ool.
940 4618 980 4665 W
993 4632 1019 4678 p.
1037 4617 1087 4665 133
1105 4621 1128 4664 et
1146 4617 1215 4678 opud
1233 4616 1358 4666 Luoirium
1373 4631 1399 4678 p.
1415 4618 1448 4664 71
1552 4620 1714 4678 inscription:
1741 4633 1842 4670 rncrrrr
1859 4635 1957 4670 murus
1976 4635 2045 4672 ron-

407 4717 515 4756 rrrmrr.
554 4719 583 4754 ru
607 4716 672 4754 vrrs
698 4705 727 4767 (f.
743 4701 797 4766 99¹³)
825 4716 991 4752 susorrssrrrr
1015 4715 1159 4752 mumma
1181 4717 1307 4752 srosrom
1331 4716 1437 4752 onmem
1576 4705 1771 4755 3uerucissima
1788 4705 1857 4775 eod]
1882 4709 2047 4758 sanctissimi

407 4793 517 4842 Lectius
622 4786 817 4856 epulonem]
833 4790 932 4854 pulchri
945 4789 1040 4839 dated.
1056 4789 1138 4851 Rom„
1155 4790 1264 4838 Lutetiam
1368 4789 1511 4840 diruundu
1529 4790 1622 4841 Amce.
1644 4789 1730 4860 Bona]
1748 4795 1773 4842 ir
1791 4794 1843 4844 eod.
1950 4795 2046 4844 uuel-

407 4881 460 4929 lere
477 4884 567 4928 texens
587 4873 706 4944 buatius]
725 4878 779 4926 niis
793 4877 819 4938 (ι’.
835 4891 857 4925 e.
872 4876 949 4941 nulla)
965 4882 1084 4925 retexans
1096 4876 1150 4926 cod.
1259 4875 1290 4926 10
1308 4881 1430 4939 poterunt
1444 4891 1489 4938 per
1507 4877 1634 4938 emnpond.
1649 4876 1717 4946 cod]
1735 4873 1828 4942 poterit
1846 4881 1939 4932 Amaci.
1955 4883 2043 4944 Rern„

408 4967 516 5016 Lectius
623 4962 654 5014 13
673 4965 749 5027 priori
767 4966 801 5013 oie
819 4962 872 5012 cod.
987 4962 1019 5012 15
1038 4963 1188 5026 suntsed,
1210 4975 1261 5012 non
1279 4964 1324 5025 ric,
1344 4967 1372 5011 ut
1391 4963 1465 5012 tradit
1484 4963 1594 5013 Laetius
1612 4968 1655 5027 qui
1673 4969 1769 5028 scripsit
1787 4968 1823 5016 sio
1928 4966 1961 5018 16
1979 4971 2044 5032 fori.

407 5054 485 5103 deeus

477 5140 514 5189 IV
535 5137 652 5201 ‘hymnos
670 5137 828 5198 riopulomm
846 5135 1025 5196 festivitatum'
1044 5137 1207 5186 aForioauto
1226 5139 1328 5198 scriptos
1344 5151 1392 5187 cesa
1405 5137 1480 5186 trudit
1493 5138 1591 5187 Paulus
1603 5138 1730 5188 Diaconum
1743 5138 1797 5188 disi.
1814 5141 1925 5202 Loopob.
1941 5142 1981 5203 11,
1998 5147 2045 5193 13.

409 5231 466 5277 item
486 5226 649 5288 ‘irprnnorum
667 5225 825 5284 reptuupiuiu
844 5227 934 5284 sepiem
952 5222 994 5272 uu.
1016 5224 1044 5271 1’
1064 5223 1212 5272 Trittemiur
1231 5227 1258 5273 io
1275 5227 1386 5286 cutoiopo
1404 5227 1488 5286 script.
1509 5225 1590 5274 scota.
1606 5240 1636 5285 p.
1652 5227 1703 5274 24³
1720 5225 1758 5276 cd.
1775 5228 1850 5277 1601.
1888 5241 1932 5275 nou
1952 5235 2048 5291 septem

408 5315 553 5378 tymnomm
568 5318 666 5376 praeter
682 5312 802 5373 penninos
825 5311 853 5374 (1,
875 5313 917 5360 10.
948 5311 982 5372 11,
1004 5311 1028 5358 2.
1051 5311 1076 5374 0)
1098 5311 1136 5359 1111
1153 5311 1331 5372 adscriptorum
1349 5313 1476 5373 autpertum
1495 5313 1621 5362 aurinum
1640 5315 1800 5375 exprimento
1818 5313 1847 5360 cie
1865 5313 1979 5364 codicum
1997 5331 2049 5366 oo-

408 5404 494 5450 rieioie
512 5401 611 5450 uriom
629 5399 663 5448 od
680 5398 824 5462 tymnorum
841 5397 996 5446 seductiones
1014 5398 1151 5458 retepumue
1255 5399 1320 5448 tunc
1345 5399 1463 5462 hymnum
1488 5399 1566 5449 edidit
1584 5398 1730 5448 Edmundua
1749 5398 1860 5448 Moriens
1883 5399 1913 5448 de
1931 5405 2049 5466 antiquio

408 5488 522 5536 tarutius
540 5486 626 5534 ritibus
647 5486 733 5547 (1736)
753 5485 935 5546 ooi.1p.189
957 5483 999 5532 ‘ex
1017 5499 1063 5533 ms.
1075 5485 1214 5548 pontificali
1227 5487 1339 5535 etruriae
1352 5487 1513 5536 memnonia
1531 5500 1655 5536 annorum
1666 5485 1728 5536 800⁵
1749 5489 1775 5535 iu
1794 5500 1839 5548 pue
1855 5492 2051 5548 proemittitur.-

409 5574 513 5621 interim
526 5574 624 5621 canitur
636 5587 725 5621 uersus
737 5572 869 5621 Fortunati
881 5572 1021 5636 presbyteri
1033 5571 1063 5619 ad
1076 5573 1212 5634 baptizatos
1312 5573 1391 5622 Lucii
1399 5590 1426 5636 p.
1443 5576 1476 5622 17
1492 5573 1539 5637 (11,
1556 5573 1593 5635 0),
1613 5573 1705 5621 Dimisi
1718 5573 1733 5620 1
1737 5573 1759 5620 V
1767 5589 1793 5635 p.
1806 5577 1855 5623 159
1964 5574 1981 5624 4
2000 5579 2051 5630 das

412 5657 487 5708 Mori.
508 5654 601 5726 Luat]
618 5659 662 5707 dui
678 5660 745 5709 Dan.
856 5657 887 5707 10
906 5657 993 5722 pulcra
1011 5661 1046 5707 aie
1065 5656 1138 5707 Mari.
