4290 6194
316 303 356 366 62
620 295 815 355 OPVSCVLA
836 295 1029 352 VENANTIO
1048 295 1277 352 FORTVNATO
1296 293 1399 352 MALE
1418 293 1642 352 ATTRIBVTA

316 490 483 575 excepisse
511 509 628 574 aspera
658 496 691 554 et
718 489 861 554 nescisse
891 487 1094 569 discrimina,
1126 486 1281 554 transisse
1309 487 1393 553 inter
1415 493 1604 574 praempta,
1639 506 1735 570 quam
1758 487 1789 554 si
1810 509 1831 554 a
1853 509 1958 574 prae-

316 594 418 677 ruptis
441 600 528 660 esset
549 593 674 676 integre
696 590 866 658 custodita.

246 697 295 762 XI
409 699 470 780 (76)
497 696 648 762 Nondum
678 714 803 778 quoque
832 695 1003 760 multomm
1030 713 1162 761 emensa
1184 700 1361 780 tempqmm
1385 695 1460 760 orbe
1482 694 1640 780 completo
1663 693 1825 761 redierant
1847 696 1958 762 enrri-

316 801 406 880 cula,
446 821 517 866 cum
552 806 683 865 sanctus
717 798 912 876 Quintianus
945 798 1116 882 episcopus
1150 805 1226 864 ante
1260 804 1465 864 sacrosancta
1498 797 1617 863 altaria
1649 816 1800 882 capacem
1832 799 1957 864 tumuli

316 905 421 970 locum
444 902 563 986 clegit,
590 902 645 967 ubi
667 902 774 988 ipsum
797 902 877 967 miro
900 921 996 987 opere
1020 909 1052 968 et
1075 901 1231 967 laudabili
1253 909 1322 967 arte
1345 900 1524 984 collocavit,
1550 920 1625 967 nam
1648 902 1737 986 prius
1759 901 1793 968 in
1814 902 1958 968 basilica
1982 923 1997 962 s

316 1007 419 1074 sancti
449 1005 510 1070 viri
540 1013 674 1072 extensa
704 1005 910 1091 sepulchrum
933 1005 1023 1071 velut
1044 1005 1255 1091 praefulgens
1277 1006 1404 1090 lampas
1428 1005 1599 1090 splendore
1621 1005 1770 1090 propriae
1792 1005 1957 1072 claritatis

315 1117 440 1178 mentes
468 1109 705 1193 expectantium
734 1109 929 1174 illustrabat.
992 1113 1055 1192 (77)
1089 1109 1157 1174 Hoc
1187 1109 1295 1192 itaque
1325 1115 1391 1175 tam
1420 1109 1591 1194 pulchmm
1609 1108 1747 1184 ,facinus
1776 1109 1956 1194 episcopus

316 1223 422 1281 mente
452 1213 613 1296 concepit,
648 1213 817 1279 devotione
848 1212 1021 1298 spopondit
1051 1220 1332 1296 consummatoque
1361 1231 1458 1297 opere
1485 1211 1571 1278 diem
1595 1231 1707 1278 sacrae
1728 1213 1957 1279 nausiationis

316 1317 489 1384 constituit.
535 1317 625 1382 Haeo
651 1337 728 1399 ergo
751 1317 919 1383 celerrime
942 1315 1030 1382 fama
1053 1315 1236 1402 percrebuit
1257 1324 1289 1382 et
1311 1336 1373 1382 non
1398 1317 1501 1382 solum
1525 1315 1662 1383 diffusae
1686 1315 1774 1382 urbis
1796 1317 1956 1383 conclusa

315 1419 448 1486 fimbriis
476 1420 549 1486 loca
572 1419 630 1486 scd
652 1419 800 1486 diversae
824 1420 921 1486 etiam
945 1420 1041 1486 urbes
1065 1418 1270 1502 confinesque
1293 1419 1479 1505 provinciae
1501 1419 1554 1485 vel
1576 1419 1744 1504 pontificos
1766 1420 1809 1485 ad
1831 1419 1865 1486 id
1887 1421 1956 1486 mi-
1981 1441 2012 1480 ro

316 1543 387 1590 sere
407 1524 460 1590 vel
476 1523 623 1608 populos.
676 1525 736 1606 (78)
765 1523 872 1589 lideli
886 1523 995 1606 itaque
1011 1531 1104 1590 coetu
1119 1523 1247 1589 moenia
1261 1523 1470 1608 complentur,
1495 1523 1585 1589 venit
1599 1523 1696 1590 ctiam
1712 1543 1731 1590 e
1745 1524 1954 1590 Narbonensi

315 1629 395 1694 urbe
418 1627 591 1696 Marturius
621 1627 724 1693 abbas
755 1627 885 1711 quidam
908 1627 1084 1693 laudabilis
1107 1633 1140 1693 et
1161 1627 1229 1692 vita
1252 1627 1455 1712 conspicuus.
1502 1626 1595 1691 Prius
1617 1632 1726 1693 tamon
1748 1625 1864 1693 artifex
1887 1628 1956 1693 eli-

315 1732 417 1816 gitur,
451 1731 506 1816 qui
536 1731 658 1796 tumulo
688 1730 891 1797 circumiecta
916 1731 1042 1798 demat:
1074 1730 1260 1815 quistatim
1285 1749 1396 1796 sacrae
1419 1729 1636 1797 venerationis
1657 1730 1761 1796 lcoum
1783 1730 1955 1814 ingressus

315 1833 430 1900 audaci
460 1841 546 1899 motu
578 1834 618 1900 de
648 1834 819 1919 sepulchro
848 1835 997 1920 opposita
1025 1834 1163 1918 expulit,
1197 1833 1255 1900 sed
1283 1833 1358 1899 ilico
1386 1832 1583 1916 insurgentis
1614 1832 1766 1900 dexterae
1787 1833 1852 1899 ictu
1874 1853 1955 1918 per-

316 1957 430 2004 cussus
458 1936 616 2021 ingemuit
646 1937 814 2020 ultricique
844 1958 951 2022 paena
978 1938 1144 2004 temeritas
1173 1937 1328 2022 prolapsa
1356 1937 1534 2023 procubuit.
1586 1938 1614 2020 (7
1619 1940 1646 2018 9)
1674 1937 1807 2019 lamque
1836 1955 1954 2002 sacrae
1978 1956 2012 1996 rs

315 2041 536 2108 translationis
567 2040 674 2106 dicata
696 2040 766 2106 dics
789 2040 955 2120 illuxerat,
989 2060 1073 2123 qnae
1096 2040 1214 2125 primos
1237 2040 1326 2106 urbis
1349 2041 1469 2106 Romae
1491 2039 1637 2106 doctores
1659 2040 1787 2106 Petmm
1810 2046 1842 2106 et
1863 2041 1955 2106 Pan-

316 2145 382 2210 lum
411 2144 474 2210 duo
503 2143 615 2209 muudi
645 2143 771 2210 scilicet
793 2143 933 2208 maxima
955 2143 1078 2209 lumina
1100 2143 1287 2228 triumphali
1310 2143 1468 2229 supplicio
1490 2142 1628 2210 victores
1649 2141 1739 2208 misit
1760 2142 1804 2208 ad
1826 2144 1950 2209 caelos.

316 2249 386 2314 Hac
417 2267 494 2330 ergo
525 2246 577 2312 dic
601 2247 740 2312 omnium
764 2255 936 2331 expectata
958 2247 1042 2313 votis
1066 2246 1248 2312 sacerdotes
1271 2247 1404 2328 adsunt,
1439 2245 1549 2332 populi
1572 2245 1751 2328 confluunt,
1785 2246 1886 2312 oratio
1910 2267 1954 2312 ex

316 2370 402 2417 more
434 2349 596 2430 iudicitur,
636 2350 728 2434 plebs
757 2349 825 2416 solo
848 2349 1072 2434 prosternitur,
1106 2350 1247 2416 tumulus
1270 2356 1496 2416 commovetur.
1550 2351 1609 2432 (80)
1637 2350 1711 2415 Mox
1733 2369 1810 2416 vero
1832 2369 1954 2434 repen-

234 2433 245 2454 ⁰
315 2455 381 2520 tino
404 2453 558 2520 miraculo
581 2460 670 2519 tanta
693 2453 871 2537 fragrantia
891 2453 931 2519 de
947 2455 1070 2520 tumulo
1085 2453 1282 2520 ineffabilem
1298 2454 1457 2520 exhalans
1473 2451 1665 2519 suavitatem
1682 2453 1810 2536 prodiit,
1836 2461 1955 2520 utnon
1976 2471 2010 2512 ²⁰

316 2559 420 2624 solnm
449 2564 597 2624 cunctum
626 2557 660 2622 in
689 2564 802 2623 sancta
830 2557 970 2622 ecclesia
993 2557 1148 2642 populum
1170 2577 1281 2624 verum
1305 2557 1403 2623 etiam
1426 2557 1520 2623 sitam
1542 2556 1576 2623 iu
1599 2556 1774 2642 porticibus
1796 2557 1955 2641 atriisque

316 2662 444 2747 plebem
468 2660 639 2727 dulcedine
661 2660 762 2726 nimia
784 2661 927 2746 repleret
948 2668 980 2726 ct
1003 2661 1092 2726 velut
1114 2659 1252 2744 quodam
1276 2659 1493 2748 retributionis
1516 2679 1647 2727 munere
1670 2659 1810 2746 spiritali
1833 2659 1954 2726 hausto

315 2763 472 2830 reliceret.
524 2766 586 2848 (81)
612 2765 741 2831 Interea
763 2764 917 2830 subiectis
941 2764 1089 2830 manibus
1111 2764 1166 2849 pia
1184 2763 1351 2830 devotione
1367 2763 1509 2829 fideliam
1525 2764 1684 2843 vehiculo,
1710 2762 1790 2828 felix
1804 2783 1886 2828 onus
1901 2762 1954 2828 in-

316 2868 424 2944 fertur,
452 2867 574 2934 tumulo
596 2887 712 2933 manus
732 2867 876 2933 Mamurii
898 2867 1026 2933 abbatis
1050 2867 1276 2952 comprimitur.
1324 2867 1385 2934 llle
1407 2887 1484 2933 vero
1507 2885 1611 2949 neque
1634 2886 1764 2932 manum
1787 2867 1955 2934 retrahere

315 2970 427 3050 nititur
448 2990 553 3054 neque
576 2969 850 3036 circumstantium
872 2990 966 3056 opem
982 2971 1029 3036 uti
1045 2970 1250 3055 sepulchrum
1266 2972 1410 3037 elevetur
1424 2969 1567 3055 inquirit.
1625 2971 1685 3054 (82)
1712 2969 1778 3036 Sed
1792 2969 1856 3054 piis
1870 2991 1955 3054 que·
1977 2987 2010 3028 2⁵

316 3077 418 3141 stibus
436 3075 591 3140 auxilium
607 3073 786 3140 beatissimi
802 3073 944 3140 Amantii
959 3075 1131 3160 implorare
1147 3095 1209 3140 non
1226 3074 1345 3140 desinit
1359 3075 1441 3140 haec
1454 3071 1568 3139 humili
1583 3093 1661 3140 voce
1677 3091 1951 3140 commemorans:

315 3179 402 3260 Noli,
429 3177 580 3244 sacerdos
604 3176 763 3260 quondam
786 3189 903 3258 noster,
931 3197 1015 3244 nunc
1037 3179 1143 3244 socius
1166 3178 1365 3261 angelornm,
1393 3177 1458 3243 noli
1478 3177 1657 3262 opprimere
1677 3197 1806 3242 manum
1821 3175 1948 3250 famuli,

316 3302 356 3347 ne
380 3301 508 3347 servum
531 3287 621 3346 tuum
643 3281 711 3346 ullo
734 3279 918 3347 afflictionis
941 3300 1086 3347 macrore
1110 3301 1302 3366 exasperes:
1329 3279 1497 3346 iucundior
1519 3280 1598 3345 mihi
1620 3280 1717 3346 melle
1735 3279 1883 3360 dulcedo,
1912 3301 1954 3347 ne

317 3386 405 3450 sinas
434 3383 558 3468 gaudia
587 3389 696 3449 nostra
725 3384 874 3451 tristitiae
903 3384 1012 3450 nubilo
1042 3383 1216 3466 maculari,
1249 3384 1403 3466 gaudium
1435 3392 1467 3451 et
1489 3383 1644 3450 exultatio
1666 3404 1754 3465 mea,
1788 3403 1885 3466 quem
1908 3384 1954 3450 ad

316 3489 551 3556 solemnitatem
581 3496 670 3555 tuum
700 3487 880 3572 perduxisti
908 3487 1082 3572 hospitem,
1122 3488 1259 3554 cellulae
1288 3486 1387 3554 reduc
1417 3507 1496 3553 suae
1523 3486 1731 3553 incolumem!
1791 3489 1852 3570 (83)
1889 3487 1954 3552 Vix
1975 3508 2006 3548 ao

316 3592 414 3658 verba
443 3591 591 3671 finiebat,
626 3611 699 3656 cnm
729 3591 875 3656 elevatur
904 3590 1008 3657 subito
1040 3598 1155 3675 sponte
1180 3592 1323 3657 tumulus
1346 3597 1379 3656 et
1400 3590 1596 3656 abstrahitur
1617 3609 1733 3657 manus
1755 3589 1870 3656 illaesa
1892 3591 1954 3655 ab·

317 3702 499 3780 stractaque
523 3713 634 3761 rursus
656 3693 744 3760 oneri
767 3693 821 3778 pio
844 3692 1008 3760 subicitur.

230 3801 295 3866 XIl
408 3801 469 3880 (84)
496 3800 625 3864 Interea
654 3797 784 3863 obvium
814 3796 875 3862 sibi
905 3797 1068 3879 quendam
1092 3797 1275 3863 vehiculum
1298 3797 1425 3882 impulit
1446 3797 1685 3881 impulsumque
1707 3795 1880 3881 prostravit
1901 3805 1953 3862 at-

317 3923 378 3986 que
407 3901 580 3984 obliquatis
608 3901 701 3966 strati
731 3901 868 3986 pedibus
898 3899 1080 3966 discurrens
1109 3909 1179 3966 rota
1208 3899 1408 3984 pertransiit,
1443 3899 1500 3966 sed
1531 3899 1577 3965 ita
1606 3899 1764 3966 minacem
1793 3899 1951 3982 impetum

316 4006 405 4072 iussa
433 4003 616 4089 suspendit,
650 4010 686 4068 ut
714 4024 774 4070 nec
804 4023 934 4069 sensum
958 4003 1077 4070 doloris
1101 4011 1201 4069 strato
1223 4003 1385 4088 infligeret
1407 4023 1467 4068 nec
1489 4003 1583 4086 signa
1604 4002 1717 4068 livoris
1738 4001 1948 4086 imprimeret.
1973 4022 2005 4063 as

317 4107 465 4175 Cucurrit
495 4127 571 4190 crgo
593 4113 680 4172 motu
704 4107 802 4173 celeri
824 4128 883 4172 nec
905 4107 1052 4174 subiecta
1075 4107 1240 4188 contrivit,
1275 4107 1333 4173 scd
1356 4106 1534 4172 ministeria
1556 4105 1731 4191 complevit
1751 4103 1876 4170 itineris
1898 4123 1954 4170 re-

316 4211 465 4294 linquens
489 4209 584 4292 signa
606 4208 742 4274 virtutis.
801 4213 861 4295 (85)
889 4211 978 4277 Inter
999 4211 1081 4278 haec
1103 4231 1179 4277 vero
1201 4211 1427 4276 miraculorum
1450 4209 1607 4293 insignia,
1642 4208 1731 4274 nullo
1753 4207 1952 4292 impediente

317 4316 442 4395 labore,
479 4332 602 4379 summo
633 4321 816 4379 cunctorum
848 4315 968 4396 gaudio
998 4314 1031 4380 in
1061 4316 1130 4380 loco
1160 4313 1302 4380 studiose
1331 4320 1524 4399 praeparato
1554 4313 1710 4396 reliquiae
1740 4329 1851 4377 sacrae
1874 4329 1953 4376 con-

317 4419 445 4483 duntur.
510 4417 571 4499 (86)
599 4417 755 4481 Nonnulli
789 4425 897 4483 autem
932 4418 976 4484 ad
1010 4419 1169 4484 tumulum
1203 4417 1306 4484 sancti
1339 4418 1400 4483 viri
1433 4437 1553 4482 vesano
1586 4433 1833 4503 praesumpsere
1867 4433 1953 4480 ausu

317 4521 424 4586 scelus
454 4519 551 4604 priori
580 4519 702 4586 scelere
732 4520 914 4602 cumulare,
950 4522 1010 4587 scd
1038 4521 1176 4607 correpti
1205 4521 1349 4607 protinus
1378 4520 1485 4586 furore
1511 4519 1699 4605 limphatico
1723 4518 1849 4583 solvere
1872 4536 1954 4602 sup-
1974 4539 2007 4581 ro

317 4623 416 4709 plicia
445 4621 622 4705 afflictique
645 4623 789 4689 honibili
812 4623 942 4691 fremitu
965 4632 997 4690 et
1018 4626 1153 4691 occultis
1177 4625 1281 4690 crusti
1304 4623 1442 4690 flammis
1465 4623 1676 4709 prodiderunt
1696 4621 1805 4702 nefas,
1840 4620 1955 4688 reddi-

317 4727 433 4793 derunt
467 4727 596 4792 sublata
628 4727 841 4811 prostratique
871 4728 941 4793 solo
971 4729 1099 4794 veniam
1129 4729 1250 4813 petiere
1281 4727 1457 4794 facinorum
1487 4747 1526 4793 ac
1555 4727 1624 4793 siue
1653 4745 1742 4792 mora
1770 4723 1954 4790 beatissimi

316 4831 432 4896 uirtute
462 4828 614 4895 antistitis
643 4831 790 4896 obscenis
822 4830 979 4918 contagiis
1007 4852 1153 4898 meruere
1182 4831 1323 4917 purgari.
1371 4832 1421 4897 Ita
1447 4831 1506 4896 hos
1536 4837 1568 4896 et
1597 4830 1675 4896 ultio
1706 4829 1792 4894 iusta
1813 4827 1955 4912 perculit

316 4942 349 5000 et
371 4933 533 4999 miseratio
556 4933 684 5019 pietatis
708 4934 859 5000 absolvit.

403 5109 509 5168 dtlreq.
531 5109 560 5155 de
577 5111 629 5156 ulta
644 5112 744 5168 potrum
763 5124 784 5156 o.
807 5109 850 5169 Ν,
873 5113 904 5158 1.-
928 5111 955 5157 in
978 5123 1027 5172 qno
1051 5113 1196 5173 episcopatu
1221 5111 1349 5174 ampliatis
1371 5109 1451 5158 adhuc
1476 5111 1628 5169 uirtutibus,
1655 5122 1711 5156 cnm
1735 5108 1762 5154 ln
1787 5106 1828 5155 del
1852 5119 1956 5170 semper

317 5197 435 5259 operibns
453 5199 592 5254 cresceret,
612 5200 708 5242 auctam
727 5195 794 5243 beati
813 5196 917 5243 Amantl
935 5198 1064 5244 antestitis
1082 5197 1211 5244 basilicam
1232 5203 1345 5244 sanctum
1364 5209 1453 5258 corpus
1472 5196 1498 5243 ln
1517 5201 1591 5245 antea
1609 5194 1747 5254 transtulit,
1768 5191 1812 5242 sod
1831 5204 1882 5240 non
1901 5193 1955 5241 fuit

317 5287 402 5331 saneto
420 5281 571 5344 acceptabile
589 5281 635 5328 hoo
653 5293 726 5344 opus.

404 5436 419 5485 9
438 5438 565 5485 celerrima
584 5435 605 5482 L
728 5437 872 5498 percrepuit
893 5435 920 5484 Μ
1045 5435 1072 5485 11
1094 5437 1152 5486 fidei
1171 5441 1256 5500 itaque
1274 5438 1451 5487 conuenientia
1468 5438 1589 5499 completa
1610 5435 1631 5483 L
1757 5429 1787 5480 16
1805 5438 1908 5492 petrum
1928 5439 1954 5482 et

316 5521 430 5590 paulum]
450 5523 501 5572 dieo
519 5523 551 5570 99
570 5521 640 5569 Iunii
745 5520 777 5570 22
797 5523 899 5585 speciali
917 5524 1019 5572 haustro
1038 5523 1059 5570 L
1165 5523 1197 5573 23
1217 5527 1258 5586 pia
1276 5520 1422 5590 deuotione]
1444 5538 1491 5572 om.
1508 5524 1529 5572 L
1641 5520 1675 5570 40
1693 5520 1774 5568 furore
1791 5515 1953 5583 limpbatloo]

317 5607 351 5665 rs.
372 5623 448 5669 supra
465 5624 490 5671 p.
512 5610 554 5668 58,
576 5607 593 5655 l.
618 5611 644 5655 ll
