4506 6248
1004 321 1174 377 venusii
1193 321 1412 380 FORTVNATI

729 511 833 577 nudos
857 520 946 579 veste
968 511 1054 596 tegis
1077 512 1205 597 captivo
1228 511 1358 578 vincula
1380 511 1527 594 solvens,

644 633 675 674 20
816 615 961 699 deposito
984 615 1124 682 reddens
1145 615 1250 680 libera
1272 615 1357 681 colla
1377 615 1465 698 iugo.

729 717 879 783 exulibus
902 718 1016 784 domus
1039 737 1093 800 es,
1124 719 1194 801 [set]
1220 725 1254 784 et
1275 717 1492 784 esurientibus
1515 737 1604 783 esca:

815 820 895 887 felix
917 823 969 888 oui
990 820 1140 888 Christum
1163 819 1288 887 delebor
1309 820 1386 887 iude
1408 821 1534 886 manet!

729 931 761 990 te
783 923 929 991 doctriua
951 926 1102 1010 probum,
1129 923 1332 1009 providentia
1355 943 1447 990 sacra
1468 923 1648 990 modestum

816 1028 894 1094 lacit
916 1029 1044 1112 eloquio
1067 1028 1195 1094 vincere
1217 1028 1316 1094 mella
1337 1033 1403 1093 tuo.

645 1151 675 1192 ne
728 1132 850 1216 templs
872 1137 999 1198 vetusta
1021 1151 1145 1196 novans
1167 1130 1314 1216 specioso
1336 1130 1419 1195 fulta
1441 1131 1556 1196 decore

814 1234 931 1301 inseris
954 1234 1030 1300 hinc
1050 1233 1180 1319 populis
1202 1235 1277 1319 plus
1298 1233 1333 1299 in
1355 1253 1463 1299 amore
1486 1234 1593 1300 deum.

729 1343 764 1402 ut
785 1337 912 1421 plebem
936 1335 1048 1402 foveas
1071 1344 1105 1402 et
1125 1336 1229 1402 Rheni
1251 1336 1401 1420 congruis
1423 1356 1551 1403 amnes:

815 1439 892 1522 quid
914 1439 1034 1506 relerat
1058 1439 1150 1506 terris
1172 1439 1227 1522 qui
1250 1440 1337 1506 bona
1359 1440 1492 1525 praebet
1514 1441 1630 1524 aquis?
1796 1517 1799 1524 ⁴

729 1542 781 1609 bic
802 1543 888 1626 quod
911 1542 987 1608 iana
1009 1542 1147 1626 micant,
1173 1564 1194 1608 a
1215 1549 1247 1608 te
1270 1543 1449 1609 instaurata
1470 1543 1556 1625 quod
1577 1551 1707 1626 extant,

645 1668 675 1709 uo
816 1647 898 1713 vivis
920 1646 954 1711 in
975 1653 1106 1712 aeterno
1129 1646 1227 1712 laude
1249 1645 1368 1712 fluente
1391 1647 1461 1713 tibi.

730 1751 811 1816 baec
837 1750 979 1833 [habeas]
1006 1751 1119 1833 longos
1142 1749 1326 1815 meritorum
1349 1749 1442 1835 fruge
1464 1770 1646 1835 perennes

816 1860 848 1919 et
869 1859 1033 1919 crescente
1055 1852 1111 1919 diu
1134 1853 1175 1919 de
1196 1873 1297 1937 grege
1320 1860 1394 1919 vota
1416 1853 1512 1920 ieras.

1189 2303 1221 2366 X

911 2441 970 2515 Ad
996 2441 1267 2538 Bagnemodum
1299 2443 1503 2540 episcopum

730 2629 861 2694 Summe
884 2635 976 2713 pater
997 2628 1139 2714 patriae,
1165 2628 1251 2695 dulci
1274 2629 1352 2694 mibi
1376 2629 1505 2695 nomine
1527 2631 1651 2712 Rauen,

815 2732 967 2798 interiora
988 2732 1052 2799 mei
1074 2733 1181 2799 cordis
1203 2753 1311 2798 amore
1333 2740 1464 2798 tenens:

730 2835 886 2919 quidquid
907 2835 1069 2902 amicitiae
1092 2835 1210 2902 veteris
1232 2836 1423 2921 collegimus
1445 2837 1539 2902 ambo

817 2939 933 3005 crescit
953 2939 987 3004 in
1010 2940 1161 3005 affectum
1184 2959 1327 3024 semper,
1353 2940 1478 3025 opime,
1505 2962 1623 3007 meum.

664 3064 677 3103 s
730 3064 804 3107 nam
828 3042 906 3107 mihi
929 3044 1020 3108 nulla
1041 3062 1130 3108 meos
1153 3042 1272 3109 oblivio
1294 3043 1378 3109 tollit
1399 3051 1563 3110 amantes:

816 3150 891 3210 ante
913 3144 956 3210 sit
977 3151 1172 3226 extremum,
1199 3167 1296 3228 quam
1318 3144 1397 3210 mihi
1420 3147 1505 3212 desit
1527 3167 1626 3212 amor.

731 3247 832 3330 unde,
858 3248 952 3314 beate
974 3254 1084 3333 pater,
1111 3268 1287 3334 properans
1310 3248 1458 3334 dependo
1481 3251 1637 3332 salutem,

816 3357 933 3436 optans
955 3351 1130 3436 longinquo
1152 3359 1184 3418 te
1208 3372 1378 3440 superesse
1400 3354 1515 3436 gradu.

732 3453 807 3520 hine
829 3455 925 3521 etiam
948 3453 1078 3539 genitae
1100 3455 1238 3521 reddunt
1260 3455 1318 3521 tibi
1342 3463 1470 3541 pectore
1492 3465 1601 3541 grates
1648 3536 1650 3542 ¹

649 3579 678 3620 so
818 3577 951 3623 munere
973 3578 1031 3643 pro
1053 3558 1148 3624 niveo
1171 3579 1327 3625 marmore
1351 3559 1391 3624 de
1414 3560 1524 3625 Pario:

732 3681 833 3744 quae,
860 3661 1008 3744 quotiens
1030 3663 1146 3748 epulae
1169 3661 1258 3728 disco
1281 3662 1463 3727 tribuuntur
1484 3661 1517 3727 in
1540 3665 1612 3746 illo,

818 3764 852 3828 in
874 3763 950 3830 doni
973 3764 1081 3849 speeie
1103 3771 1136 3830 te
1159 3765 1280 3849 pietate
1303 3763 1423 3830 vident.

731 3889 806 3933 nam
829 3888 887 3953 pro
909 3887 1106 3951 gemmarum
1130 3868 1214 3934 serie
1236 3868 1295 3934 tibi
1317 3867 1433 3933 reddat
1455 3867 1605 3934 bonorem

820 3971 872 4037 oui
894 3971 971 4037 data
990 3971 1160 4057 proliciunt
1182 3991 1258 4037 crus
1281 3970 1467 4038 veneranda
1487 3972 1611 4038 throno.

395 4235 808 4244 ——ffl

469 4422 499 4472 19
517 4423 601 4471 nudus
623 4420 689 4485 ΟΜῙ,
711 4424 778 4472 nudo
796 4423 820 4470 lt
936 4427 1005 4482 teges
1025 4418 1084 4467 CMl
1203 4418 1316 4488 captiuo]
1334 4423 1489 4483 captiuorum
1509 4422 1698 4484 ACMDG¹BF‚
1719 4425 1848 4486 captiuum
1867 4427 1921 4486 BL,
1941 4433 2025 4489 cepto-

397 4523 451 4557 rum
473 4506 508 4556 0²
610 4505 640 4557 21
662 4510 795 4558 exsulibus
813 4506 886 4556 MAG
990 4506 1080 4555 domus
1097 4521 1126 4555 es
1144 4511 1183 4555 set
1201 4512 1227 4555 et
1245 4504 1427 4574 esurientibus]
1445 4508 1534 4555 domus
1552 4521 1579 4556 es
1597 4513 1623 4556 et
1640 4511 1813 4559 esurientibus
1827 4511 1887 4574 MD,
1909 4511 1933 4560 d.
1954 4526 1981 4560 es
1999 4518 2025 4560 et

396 4596 572 4644 esumentlbus
595 4596 669 4656 0013,
693 4596 719 4646 d.
740 4609 767 4642 es
785 4599 811 4643 et
828 4594 1019 4643 assumentibus
1037 4593 1068 4654 L,
1094 4593 1118 4642 d.
1140 4598 1208 4642 esset
1225 4594 1399 4642 esumensibm
1417 4593 1449 4654 R,
1475 4594 1501 4644 d.
1521 4609 1548 4643 es
1567 4598 1730 4646 sumentibus
1747 4598 1778 4659 Α,
1802 4597 1827 4647 sl.
1848 4613 1876 4647 ee
1893 4604 1920 4647 et
1937 4605 1962 4648 te
1981 4614 2026 4648 su·

397 4683 566 4731 mentibusl?
666 4681 699 4731 22
717 4683 777 4730 illex
798 4678 857 4727 0M¹
962 4680 994 4729 23
1014 4686 1039 4729 to
1057 4681 1082 4726 D
1186 4682 1304 4744 probrum
1324 4680 1357 4728 ΑΙ
1376 4695 1439 4730 cors.
1459 4679 1494 4728 Al
1599 4683 1790 4742 prouidentiam
1808 4684 1834 4730 Ι)
1938 4680 1970 4733 21
1990 4687 2027 4733 ls-

397 4769 433 4816 clt
452 4764 482 4834 O]
509 4769 613 4817 incitet
631 4767 797 4828 AMB¹LRF‚
826 4768 890 4817 ieclt
907 4771 934 4815 et
951 4762 1051 4828 Dum,
1081 4781 1134 4816 noa
1151 4771 1178 4814 et
1195 4767 1257 4815 lecit
1274 4765 1427 4815 scribendam
1445 4766 1486 4814 sed
1504 4763 1567 4834 [sss]
1586 4769 1646 4817 lecit
1784 4769 1818 4819 26
1840 4767 1909 4837 plus]
1936 4772 1984 4820 ism
2003 4772 2026 4818 A

397 4853 429 4902 21
449 4854 503 4902 reni
522 4853 546 4903 a
666 4854 783 4916 soumis
801 4866 888 4902 amnes
906 4848 1050 4919 Bsowems]
1067 4865 1188 4913 congrues
1210 4853 1341 4915 (congruus
1359 4849 1401 4913 ΒΞ,
1422 4865 1560 4913 congruens
1582 4856 1609 4916 0)
1631 4855 1713 4903 amuis
1730 4855 1801 4905 codd.
1930 4855 1963 4906 28
1982 4859 2025 4918 qui

402 4941 422 4986 0
542 4940 648 4988 relerste
668 4938 719 4986 CM
851 4936 884 4988 29
903 4937 945 4988 bie
964 4938 992 5000 0,
1012 4937 1072 4987 hine
1089 4939 1113 4985 F
1231 4939 1295 5000 quod
1314 4937 1372 4987 iius
1390 4939 1485 4986 micant
1502 4935 1643 5005 Breuem]
1661 4954 1723 5002 quos
1740 4942 1806 4989 lama
1824 4942 1902 4990 micat
1919 4941 1989 4991 codd.

397 5022 467 5093 ste]
485 5030 512 5074 et
529 5024 600 5074 codd.
705 5026 833 5073 instauret
850 5024 897 5073 Al,
1012 5023 1042 5074 31
1063 5038 1112 5074 om.
1133 5025 1157 5072 1³
1256 5025 1349 5073 habeus
1367 5038 1416 5074 mn.
1437 5024 1518 5086 eculei.¹
1538 5027 1618 5086 possis
1635 5028 1711 5076 etiam
1728 5028 1791 5077 baec
1808 5029 1895 5088 longos
1913 5024 2027 5095 [metito]

396 5113 541 5160 meritorum
558 5113 578 5161 i.
684 5111 775 5160 neser.
796 5125 820 5158 v.
839 5124 917 5159 xxxrr
936 5109 1037 5158 AOMD

467 5199 490 5246 x
596 5200 635 5247 tit.
655 5211 702 5246 orn.
724 5197 747 5244 B
850 5201 889 5247 sit.
910 5197 1194 5247 sessionnem
1300 5209 1484 5245 assentorium
1501 5199 1525 5245 F
1639 5197 1744 5248 lslulce
1763 5199 1809 5247 AB
1912 5196 2027 5268 nomine]

397 5287 495 5334 lumine
512 5284 582 5334 codd.
606 5285 716 5344 (lomene
733 5281 775 5344 32,
795 5285 921 5333 luminum
940 5284 973 5344 A)
1078 5299 1136 5333 ruco
1154 5285 1179 5333 D
1276 5286 1376 5333 nomba
1394 5283 1567 5346 bppoeosistleo
1585 5287 1673 5345 ulitur,
1691 5285 1843 5350 ε[.111,26
1948 5284 2026 5333 21η-

398 5370 524 5420 terloreb
627 5366 831 5436 3quidquldA]
848 5371 969 5432 quiequid
984 5369 1124 5418 OMGBLR
1228 5371 1364 5420 buulsO
1466 5384 1536 5419 mess
1555 5369 1601 5430 w,
1622 5372 1777 5420 meusAOD
1882 5371 2026 5420 ementisA

399 5455 520 5504 Sobtsns
539 5453 569 5501 Μ
690 5456 720 5506 10
739 5471 772 5506 m.
792 5469 818 5518 p.
839 5457 911 5504 nluio
930 5456 961 5518 Α,
982 5457 1131 5505 munerecsle
1150 5458 1224 5506 niueo
1243 5456 1266 5505 L
1387 5456 1419 5505 sle
1436 5457 1523 5519 phario
1545 5455 1627 5518 CMD,
1646 5456 1765 5518 slspbsrie
1783 5458 1806 5504 A
1930 5456 1959 5505 ll
1980 5458 2026 5505 tri-

400 5542 495 5590 buntur
515 5539 598 5588 OMG¹
734 5542 916 5593 ultroneos
1036 5547 1134 5607 praeter
1151 5544 1246 5592 lumem
1264 5555 1373 5605 pammac
1389 5543 1490 5590 miserat
1508 5541 1542 5590 ed
1559 5541 1699 5592 mesum
1716 5555 1812 5592 esuum
1932 5540 2024 5594 mser.

399 5641 423 5675 v.
443 5639 490 5676 xrs
507 5625 584 5676 ΑΜΒ
1124 5619 1133 5646 ’
