4432 6150
991 299 1161 355 VENANTI
1179 295 1400 356 FORTVNATI

724 487 841 552 divinis
863 489 985 554 intenta
1007 489 1117 569 bonis,
1143 490 1296 556 alimenta
1318 489 1521 574 ministrans,

807 610 872 674 qua
894 592 1040 658 mercede
1064 593 1168 674 magis
1191 613 1226 658 se
1249 594 1385 658 satiasse
1407 593 1506 658 videt.

720 694 805 760 baec
827 694 904 759 data
926 703 998 781 post
1020 696 1139 762 obitum
1163 696 1285 762 faciunt
1306 717 1431 780 quoque
1453 697 1563 762 vivere
1585 695 1745 762 functam:

637 815 666 857 55
807 796 909 862 forma
931 799 1014 883 perit
1035 798 1217 880 hominum,
1243 820 1318 865 nam
1340 799 1510 865 benefacta
1531 804 1672 864 manent.

722 921 856 986 corpora
877 902 984 986 puluis
1007 909 1100 968 erunt
1122 908 1154 968 et
1175 922 1265 968 mens
1288 903 1342 987 pia
1363 901 1454 969 floret
1475 903 1509 968 in
1530 923 1627 968 aevo:

807 1005 913 1069 omnia
934 1014 1139 1090 praetereunt
1161 1012 1287 1091 praeter
1308 1026 1417 1072 amare
1439 1006 1546 1072 deum.

722 1106 835 1173 ariana
857 1115 931 1174 trrnc
954 1109 1047 1174 aviae
1070 1109 1187 1174 studiis
1209 1109 1351 1175 adolevit
1373 1110 1498 1195 opimae

806 1213 903 1294 inque
926 1213 995 1277 loco
1018 1219 1113 1278 natae
1135 1213 1240 1297 neptis
1262 1213 1373 1278 adulta
1395 1213 1467 1278 fuit.

637 1332 667 1373 55
722 1315 835 1380 tertius
858 1337 878 1380 a
900 1316 1024 1381 decima
1048 1323 1082 1381 ut
1104 1316 1189 1381 hanc
1208 1317 1345 1401 primum
1367 1323 1535 1402 acceperat
1556 1335 1677 1400 annus,

807 1418 943 1484 traditur
964 1427 1071 1505 aptato
1094 1421 1275 1486 consociata
1296 1420 1380 1501 viro,

720 1519 872 1587 nobilitas
894 1522 927 1586 in
950 1529 1046 1607 gente
1069 1543 1128 1588 sua
1150 1523 1202 1588 cui
1225 1523 1312 1588 celsa
1333 1521 1476 1606 refulsit,

807 1633 903 1707 atque
927 1626 994 1690 suis
1016 1626 1137 1692 meritis
1159 1625 1288 1692 additur
1310 1627 1392 1692 alter
1413 1627 1523 1692 honor.

722 1727 843 1808 dulcis,
870 1749 987 1811 ovans,
1013 1730 1148 1808 alacris,
1175 1728 1290 1794 studiis
1311 1736 1423 1796 ornata
1444 1731 1608 1797 iuventus:

637 1849 666 1890 rc
808 1831 894 1916 quod
916 1840 1029 1898 natura
1052 1834 1179 1916 nequit,
1205 1833 1311 1898 littera
1332 1841 1478 1919 prompta
1501 1833 1600 1900 dedit.

720 1942 786 2001 tres
811 1955 955 2001 meruere
977 1942 1084 2001 5555555
1106 1935 1207 2001 iuncti
1230 1955 1398 2021 superesse
1421 1957 1479 2021 per
1500 1956 1601 2003 annos

809 2039 1019 2124 coniugioque
1042 2059 1100 2105 suo
1122 2038 1218 2106 eorde
1240 2040 1362 2124 ligante
1384 2040 1458 2106 frui.

720 2143 813 2208 amba
835 2162 930 2228 pares
952 2143 1059 2209 anime
1081 2149 1154 2209 roto
1177 2163 1234 2228 spe
1257 2143 1399 2208 moribus
1421 2150 1495 2209 actu

810 2253 1032 2328 certantesque
1055 2246 1116 2312 sibi
1139 2252 1244 2313 mente
1267 2245 1382 2313 decore
1403 2245 1477 2313 fide.

551 2359 553 2366 ’
635 2367 668 2408 55
722 2355 864 2434 tempore
886 2349 950 2413 iam
973 2357 1057 2414 certo
1080 2356 1129 2415 est
1151 2349 1248 2415 enixa
1269 2369 1429 2435 puerpera
1450 2351 1589 2435 prolem,

809 2451 926 2517 damno
950 2451 1016 2518 seta
1039 2471 1113 2532 suo,
1139 2471 1223 2535 quae
1245 2452 1399 2538 pariendo
1421 2453 1514 2537 perit.

721 2555 862 2641 abripuit
884 2563 1028 2621 teneram
1050 2555 1154 2621 subito
1176 2575 1260 2621 mors
1282 2556 1393 2621 invida
1415 2555 1565 2640 formam,

807 2679 907 2724 annos
929 2659 1047 2744 quippe
1069 2659 1167 2742 duas,
1194 2660 1295 2724 lustra
1317 2659 1459 2743 gerendo
1480 2661 1553 2727 tria.

723 2761 770 2827 sic
792 2762 931 2827 animam
954 2782 1114 2847 generans
1136 2763 1245 2828 anima
1267 2763 1422 2848 spoliatur
1444 2770 1476 2828 et
1496 2763 1587 2848 ipsa,

639 2886 668 2925 55
810 2884 901 2950 spem
923 2866 1047 2951 peperit
1068 2866 1134 2933 luci
1156 2867 1229 2932 luce
1251 2874 1390 2951 negante
1412 2866 1485 2932 sibi.

725 2969 907 3054 exemplum
930 2968 989 3034 sed
1010 2968 1101 3036 triste
1124 2969 1214 3036 dedit
1234 2969 1339 3035 fetura
1359 2969 1504 3055 parenti:

809 3071 893 3138 unde
915 3071 1019 3138 redire
1041 3073 1140 3154 solet,
1167 3072 1274 3139 deficit
1295 3072 1371 3138 inde
1394 3092 1507 3158 genus.

722 3175 837 3241 tertius
860 3193 932 3241 esse
954 3181 1045 3260 pater
1067 3177 1216 3261 cupiens,
1242 3176 1323 3258 beu,
1350 3176 1438 3241 solus
1461 3176 1612 3242 habetur:

812 3298 953 3345 crescere
976 3298 1038 3362 quo
1061 3299 1212 3346 numerus
1235 3278 1362 3361 debuit,
1388 3299 1462 3345 ecce
1484 3278 1581 3345 cadit.

639 3404 669 3443 55
726 3402 801 3446 nam
824 3389 934 3468 partus
956 3402 1028 3447 cum
1052 3389 1152 3449 matre
1174 3382 1274 3468 perit,
1300 3382 1464 3448 nascendo
1486 3382 1649 3466 sepultus,

810 3485 855 3550 nil
879 3485 977 3552 vitale
999 3486 1150 3567 trahens,
1177 3494 1270 3552 natus
1293 3486 1327 3550 in
1348 3505 1402 3550 cre
1424 3485 1523 3551 neeis.

723 3589 798 3672 plus
821 3587 949 3654 fuerant
970 3588 1047 3671 soli,
1074 3589 1102 3653 si
1123 3596 1200 3654 tunc
1221 3589 1290 3653 sine
1312 3589 1401 3674 prole
1423 3587 1576 3654 fuissent:

809 3691 921 3758 addita
942 3691 1112 3778 posteritas
1134 3691 1267 3758 abstulit
1287 3691 1322 3756 id
1344 3690 1530 3773 quoderat.

722 3794 873 3861 infaustis
895 3795 976 3860 vetis
998 3794 1126 3879 genitus
1149 3794 1189 3860 de
1212 3793 1324 3860 funere
1346 3794 1457 3859 matris

640 3919 669 3960 5ο
811 3907 843 3964 55
866 3898 1013 3984 genetrix
1035 3906 1109 3965 nata
1132 3897 1243 3964 mortis
1265 3897 1363 3983 erigex
1376 3897 1447 3963 tuit.

724 4003 808 4069 alter
829 4003 862 4068 in
883 4002 1016 4070 alterius
1038 4002 1130 4068 letali
1151 4009 1235 4068 sorte
1257 4000 1428 4087 pependit,

808 4105 906 4189 inque
928 4105 1031 4172 vicem
1054 4105 1116 4171 sibi
1138 4126 1212 4171 mox
1233 4104 1328 4170 ambo
1349 4103 1468 4170 dedere
1489 4123 1612 4170 necem.

725 4207 784 4273 sed
806 4207 907 4274 sensit
927 4208 1076 4291 graviora
1097 4207 1210 4274 dolens
1232 4214 1440 4293 peteretque
1462 4208 1611 4292 maritus,

810 4311 864 4395 qui
886 4313 986 4395 gemit
1007 4333 1070 4378 uno
1092 4311 1180 4377 obitu
1202 4329 1237 4378 se
1260 4310 1417 4396 sepelisse
1439 4310 1529 4376 duos.

638 4435 668 4476 55
724 4435 782 4501 pro
805 4415 937 4480 vixdum
958 4415 1066 4499 genito
1089 4415 1238 4480 lacrimas
1259 4414 1324 4479 iam
1348 4414 1444 4479 soluit
1464 4414 1612 4498 humata,

807 4517 888 4584 vidit
909 4518 995 4602 qued
1016 4517 1125 4598 fleret,
1151 4537 1214 4582 non
1236 4516 1321 4600 quod
1342 4517 1476 4583 haberet
1497 4537 1595 4582 amor.

457 4866 487 4916 ar
508 4869 617 4920 arurae:
637 4869 665 4918 55
684 4871 700 4918 r.
715 4885 765 4917 m.
788 4873 848 4916 rm.
868 4866 891 4914 r
995 4863 1026 4914 55
1045 4865 1134 4914 urnac
1152 4866 1173 4911 5
1278 4847 1309 4912 55
1328 4859 1453 4931 raucam]
1470 4878 1484 4911 5
1502 4865 1519 4913 r.
1533 4878 1583 4912 555.
1604 4867 1665 4912 rm.
1687 4863 1714 4926 r,
1736 4865 1822 4916 anca
1842 4868 1870 4930 r,
1890 4869 1968 4917 55555
1987 4869 2016 4915 55

385 4953 415 5005 31
438 4969 529 5003 aenum
547 4935 595 5003 FB
698 4954 729 5004 33
747 4953 897 5018 5551555551,
1001 4948 1803 5010 55155555511150,5551555555555111555155515555555111511ι
1907 4949 1940 5000 35
1958 4958 2011 5001 555-

385 5038 480 5090 riusP
581 5041 665 5092 155515
769 5039 887 5090 5555551)
990 5037 1022 5088 36
1041 5036 1164 5087 obtato?
1268 5035 1299 5085 31
1319 5031 1525 5102 55155]55555151
1636 5035 1669 5087 38
1688 5036 1788 5087 additus
1807 5039 1873 5086 altus
1891 5038 1968 5086 1555555
1986 5039 2014 5085 H

386 5125 418 5176 39
437 5123 537 5195 alceris]
555 5128 628 5176 155515
649 5127 671 5175 Ρ
781 5129 889 5186 iuuenta
904 5127 932 5173 H
1051 5123 1084 5172 tc
1103 5123 1196 5186 nequid
1214 5123 1237 5170 11
1343 5127 1456 5185 prompta
1473 5119 1615 5189 GL(F)A²]
1633 5127 1750 5185 prumpta
1770 5120 1889 5183 01115111,
1910 5130 2011 5196 prumea

386 5212 456 5276 Pm,
476 5221 612 5277 perempta
630 5213 663 5263 A¹
767 5212 869 5264 tt-as
888 5226 936 5260 om.
952 5211 980 5258 Η
1081 5209 1123 5260 41,
1143 5207 1281 5258 455551
1382 5207 1415 5257 ta
1433 5209 1526 5270 ligante
1544 5205 1674 5275 naam]
1690 5210 1789 5270 legente
1809 5197 1945 5270 51015101]
1972 5211 2011 5280 le-

384 5299 490 5348 55555511
580 5300 775 5350 ransom
859 5293 1052 5364 1515555]151)
1139 5293 1306 5344 enexaACM
1384 5293 1417 5343 ts
1436 5295 1499 5357 ipso,
1514 5293 1611 5344 555151.
1625 5293 1790 5344 55515551)
1869 5295 1901 5344 50
1920 5309 2007 5358 spem:

385 5385 613 5447 pi.rus.1m.P
714 5385 815 5450 peritP
919 5383 948 5432 51
970 5382 1091 5432 iuturaP
1194 5379 1225 5430 52
1244 5378 1410 5429 (1515515Ρ1Μ
1512 5375 1714 5446 155(15]5555(15<11
1819 5381 1850 5431 53
1869 5382 1975 5444 patrari

384 5470 459 5520 euP
578 5473 611 5523 54
628 5487 685 5523 5555
705 5468 759 5539 CP]
776 5485 830 5522 5555
848 5472 902 5521 rell.
1026 5468 1058 5517 55
1077 5468 1200 5526 nascendo
1221 5465 1300 5514 cem
1416 5465 1771 5532 56555515111,55555151>1
1888 5467 1918 5516 51
1939 5462 2013 5534 tanc]

382 5563 434 5605 tam
453 5557 498 5607 BL
618 5560 723 5609 tulerint
744 5559 763 5606 0
785 5558 834 5619 (sed
852 5559 929 5606 altera
947 5558 957 5604 i
976 5559 992 5606 i.
1013 5570 1062 5604 ras.
1084 5559 1096 5603 1
1117 5556 1162 5618 m.)
1183 5552 1206 5601 P
1343 5551 1375 5602 58
1393 5553 1554 5602 555551115111
1576 5552 1625 5616 [aed
1642 5555 1734 5602 51515555
1751 5555 1799 5603 litt.
1821 5557 1837 5604 i.
1858 5568 1909 5604 555.
1933 5558 1943 5602 1
1962 5555 2009 5616 m.)

382 5643 417 5693 60
435 5647 546 5706 genitrix
564 5645 586 5693 L
691 5644 792 5696 63-08
810 5659 858 5694 cm.
875 5643 896 5691 P
