4336 6262
246 907 296 972 111

249 2353 292 2418 IV

268 3179 296 3243 V

319 307 360 368 86
625 301 822 358 OPVSOVLA
841 299 1035 358 VENANTIO
1053 301 1283 358 FORTVNATO
1302 303 1405 359 MALE
1424 302 1648 359 ATTRIBVTA

317 512 394 558 suas
417 493 577 558 occultare
601 493 723 558 maluit.
777 495 836 575 llll]
866 492 932 558 Sed
955 493 1031 576 quia
1053 513 1138 575 quae
1161 493 1194 558 in
1217 494 1337 560 senode
1361 495 1428 560 suis
1451 493 1653 578 omnipotens
1676 503 1829 578 operatur
1848 515 1966 561 coram

317 596 502 661 bominibus
524 594 592 661 fieri
617 602 649 660 et
671 596 778 661 lucere
802 596 982 681 praecepit,
1009 596 1085 662 licet
1108 597 1271 661 occultare
1294 597 1439 678 voluerit,
1468 617 1508 662 ex
1531 603 1597 663 toto
1621 599 1728 664 celare
1749 619 1813 664 non
1836 598 1963 683 potuit.

317 700 385 763 Nos
416 717 491 764 vcro
514 719 555 764 ex
577 697 682 783 ipsius
704 698 870 765 miraculis
893 699 954 765 deo
976 699 1135 765 tribuente
1157 699 1235 765 licet
1255 719 1361 785 pauca
1383 700 1442 766 sed
1464 707 1573 767 mmen
1596 700 1657 768 deo
1680 708 1762 768 teste
1785 702 1967 767 verissima

317 803 517 886 colligemus.

411 907 470 987 (11)
498 906 536 970 ln
558 903 693 989 praedio
716 925 791 971 vero
815 906 866 972 oui
889 906 1083 972 Pociaoense
1106 925 1224 972 nomen
1246 912 1296 972 est
1318 914 1388 972 erat
1409 907 1459 972 vir
1482 906 1613 990 quidam
1630 907 1788 974 Saturnus
1810 910 1961 990 nomine,
1989 931 2003 969 ι

316 1029 412 1093 quem
442 1029 482 1074 ex
513 1016 603 1074 utero
632 1009 745 1075 matris
774 1028 852 1076 suae
883 1010 997 1074 ambas
1027 1030 1141 1076 manus
1173 1009 1281 1075 aridas
1304 1010 1477 1076 habentem
1500 1009 1535 1074 in
1558 1009 1641 1076 hanc
1664 1013 1830 1078 mortalem
1856 1013 1964 1077 vitam

316 1119 432 1177 natura
454 1111 528 1196 ipsa
549 1112 755 1196 produxerat.
809 1115 871 1196 (12)
899 1112 1057 1191 Quicum
1080 1133 1233 1179 manuum
1256 1112 1430 1179 destitutus
1454 1113 1580 1195 offitiis,
1615 1113 1803 1181 devotorum
1827 1135 1966 1200 semper

317 1217 402 1282 altus
432 1216 595 1281 alimoniis
624 1215 668 1281 ad
697 1217 828 1300 plenam
858 1216 1059 1301 pervenisset
1086 1223 1242 1297 aetatem,
1278 1217 1418 1300 quadam
1449 1223 1542 1282 nocte
1564 1216 1747 1285 admonitus
1768 1239 1827 1303 per
1849 1219 1964 1285 visum

316 1319 442 1385 audivit
471 1338 583 1385 vocem
614 1318 774 1385 dicentem
804 1319 883 1385 sibi:
918 1318 1009 1384 Vade
1032 1319 1076 1384 ad
1099 1319 1202 1385 virum
1225 1319 1278 1385 dei
1301 1321 1485 1386 Mamilium
1509 1327 1541 1385 et
1565 1320 1741 1407 deprecare
1763 1323 1888 1407 ipsum,
1926 1330 1965 1388 ut

317 1423 444 1506 signum
476 1430 608 1489 sanotae
638 1423 741 1488 crucis
769 1443 867 1508 super
893 1443 1007 1488 mamm
1029 1431 1102 1489 tuas
1126 1423 1241 1505 faciat,
1275 1431 1308 1489 ct
1331 1425 1439 1490 statim
1463 1423 1642 1490 sanaberis.
1696 1427 1756 1506 [13]
1783 1425 1962 1509 Experge-
1988 1447 2022 1486 ιι

317 1527 421 1592 iactus
445 1533 552 1593 autem
576 1534 768 1610 properante
791 1526 933 1592 crastina
955 1526 1026 1592 luce
1050 1532 1082 1592 et
1105 1526 1176 1611 ipse
1198 1527 1318 1611 pariter
1340 1547 1476 1612 propere
1501 1527 1638 1593 cucurrit
1660 1527 1703 1592 ad
1718 1527 1835 1592 virum.
1877 1527 1965 1592 Pro-

315 1631 445 1696 volutus
468 1650 544 1696 vero
568 1630 686 1695 senode
709 1629 849 1715 pedibus
869 1629 1073 1712 confessoris,
1099 1637 1184 1695 totus
1201 1631 1323 1697 effusus
1337 1631 1372 1697 in
1388 1631 1530 1696 lacrimis
1546 1630 1735 1716 suppliciter
1749 1630 1958 1714 precabatur,

316 1741 350 1799 ut
373 1735 435 1801 sibi
459 1754 588 1799 manum
611 1734 805 1818 imponeret,
833 1753 998 1818 exponens
1020 1734 1070 1799 illi
1093 1734 1214 1818 pariter
1235 1741 1268 1799 et
1289 1735 1394 1819 ipsam
1418 1754 1515 1817 qnam
1539 1734 1579 1799 de
1603 1733 1732 1818 seipso
1755 1732 1883 1799 viderat
1908 1735 1964 1798 vi-

316 1838 450 1904 sionem.
502 1841 564 1920 (14)
592 1838 684 1902 'lunc
706 1838 821 1902 beatus
844 1836 1013 1903 Mamilius
1035 1843 1120 1903 totus
1143 1843 1179 1903 nt
1201 1844 1270 1902 erat
1292 1836 1584 1903 verecundissimus
1608 1837 1728 1902 diutina
1745 1837 1959 1918 erubescens,

315 1947 381 2007 tota
412 1940 466 2007 die
496 1949 528 2007 et
556 1948 650 2007 nocte
678 1941 737 2006 illa
764 1941 914 2007 ieiunans
944 1948 976 2006 et
1005 1941 1038 2005 in
1069 1941 1219 2026 precibus
1248 1941 1316 2006 solo
1346 1948 1524 2026 prostratus
1554 1959 1766 2025 perseverans
1789 1939 1961 2005 dominum
1988 1963 2021 2003 ra

314 2065 372 2129 pro
402 2051 534 2128 aegroto
556 2044 695 2110 fideliter
717 2045 920 2129 precabatur.
973 2044 1034 2128 (15)
1061 2043 1199 2110 Reddito
1221 2063 1297 2110 vero
1321 2064 1416 2110 mane
1439 2063 1513 2109 mox
1536 2050 1571 2108 ut
1593 2042 1743 2109 sacerdos
1766 2043 1961 2109 venerabile

316 2148 418 2213 crucis
450 2149 577 2231 signum
609 2167 706 2232 super
735 2167 849 2213 manua
879 2147 997 2212 infirmi
1026 2147 1191 2232 deposuit,
1225 2148 1472 2214 rubescentibus
1501 2148 1593 2213 venis
1622 2154 1656 2213 ct
1678 2146 1808 2212 directis
1831 2147 1957 2227 nervia,

317 2251 464 2334 geminas
488 2271 604 2316 manus
626 2252 787 2335 extemplo
811 2258 943 2316 sanatas
964 2251 999 2315 in
1021 2271 1100 2317 usus
1124 2250 1281 2337 operandi
1304 2250 1432 2317 direxit.

407 2356 466 2437 (16)
495 2355 567 2419 Non
597 2355 696 2419 multo
724 2361 798 2439 post
824 2361 966 2437 tempore
996 2355 1112 2420 mulier
1142 2353 1302 2436 quaedam
1324 2355 1553 2420 Namnetensis
1582 2355 1659 2438 pagi
1689 2353 1796 2419 incola
1825 2353 1915 2419 male
1940 2374 1962 2418 a

315 2458 485 2525 daemonio
516 2457 712 2540 vexabatur,
744 2457 829 2542 quod
859 2477 923 2522 non
954 2457 1056 2522 solum
1087 2459 1179 2523 illam
1209 2465 1275 2524 toto
1303 2477 1433 2543 corpore
1457 2457 1597 2524 debilem
1621 2456 1800 2523 sedetiam
1824 2475 1961 2524 caecam
1986 2480 2021 2521 eo

316 2584 357 2628 ex
388 2561 534 2647 pluribus
563 2560 628 2626 iam
657 2560 926 2647 praecedentibus
954 2562 1047 2626 annis
1071 2561 1193 2628 lumine
1216 2562 1341 2646 privato
1363 2560 1559 2627 reddiderat.
1613 2562 1673 2644 (17)
1701 2558 1792 2637 Quae
1815 2560 1961 2642 geminis

315 2667 423 2731 vincte
454 2664 577 2731 catenis
607 2664 650 2730 ad
676 2665 791 2730 aedem
814 2665 902 2730 beati
925 2663 984 2728 viri
1007 2664 1152 2731 fidelium
1176 2663 1240 2730 fide
1263 2685 1302 2730 ao
1324 2664 1493 2731 devotione
1517 2664 1696 2730 deducitur.
1743 2661 1856 2728 Altera
1879 2681 1962 2728 vero

316 2769 369 2835 die
399 2769 454 2833 ubi
483 2769 517 2833 in
548 2788 621 2834 cam
644 2767 717 2853 pius
740 2768 904 2834 confessor
926 2775 1039 2835 sancta
1061 2789 1122 2834 sua
1143 2768 1267 2833 lumina
1289 2767 1423 2850 direxit,
1458 2789 1531 2834 mox
1552 2769 1643 2834 illam
1667 2766 1872 2832 daemonium
1898 2766 1962 2831 dc-

316 2873 416 2940 seruit
439 2872 625 2956 luminaque
648 2893 731 2956 qnae
753 2873 801 2938 illi
826 2872 876 2938 vis
898 2872 1030 2938 inimice
1053 2873 1257 2939 subtraxerat
1286 2871 1379 2956 signo
1410 2879 1542 2938 sanotae
1572 2873 1676 2937 crucis
1698 2872 1851 2958 imposito
1874 2872 1961 2938 fides

317 2976 429 3043 addita
451 2975 645 3041 confessoris
667 2976 795 3042 mulieri
819 2976 969 3042 restituit.
1022 2977 1082 3059 (18)
1111 2975 1246 3042 Femina
1268 2996 1360 3057 vero,
1388 2995 1473 3058 quae
1496 2975 1610 3041 ferreis
1633 2977 1741 3042 vincta
1765 2976 1890 3042 catenis
1915 2977 1962 3043 ad
1985 2998 2020 3038 aa

317 3080 404 3146 beati
428 3080 488 3144 viri
511 3078 651 3145 deducta
673 3080 778 3146 fuerat
801 3079 984 3161 ecclesiam,
1011 3079 1114 3145 libera
1136 3088 1169 3146 ct
1190 3080 1360 3145 incolumis
1382 3078 1552 3164 repedavit
1573 3078 1616 3143 ad
1638 3080 1786 3162 patriam.

409 3186 470 3268 (19)
498 3183 566 3248 Sub
595 3182 666 3266 ipso
696 3183 764 3249 fere
787 3191 930 3270 tempore
960 3182 1035 3248 dum
1067 3191 1213 3267 pastores
1242 3183 1373 3268 quidam
1403 3183 1436 3247 in
1461 3181 1575 3248 eadem
1598 3182 1729 3266 regione
1752 3183 1960 3249 dominorum

316 3308 445 3353 suornm
478 3307 595 3371 pecora
625 3293 795 3372 pascerent
823 3293 856 3352 et
878 3286 1053 3371 pervigiles
1076 3286 1268 3370 quibusdem
1291 3286 1438 3352 noctibus
1461 3285 1688 3366 redderentur,
1723 3306 1832 3352 eorum
1856 3306 1956 3367 unus,
2024 3307 2025 3310 ¹

316 3391 393 3456 dum
423 3397 519 3456 noctu
541 3409 659 3474 pecora
682 3389 871 3470 custodiret,
906 3388 1069 3455 mordetur
1091 3411 1112 3455 a
1134 3390 1258 3475 vipera.
1311 3391 1371 3472 [20]
1400 3388 1531 3454 Bestiae
1555 3408 1629 3454 vero
1652 3389 1740 3454 virus
1763 3409 1799 3454 sc
1822 3396 1961 3474 repente

315 3514 374 3580 per
395 3513 506 3560 omncs
530 3493 621 3578 pueri
644 3512 744 3558 venas
766 3491 885 3558 inludit
908 3499 940 3559 et
962 3499 1062 3558 totum
1085 3493 1248 3559 hominem
1270 3493 1303 3557 in
1326 3500 1481 3558 tumorem
1505 3493 1672 3558 convertit.
1721 3492 1770 3558 Dc
1795 3512 1859 3575 quo
1883 3513 1959 3558 cum
1984 3516 2017 3556 so

403 3667 418 3717 2
438 3669 529 3718 Mattlr.
550 3667 576 3730 6,
598 3667 620 3715 l.

316 3969 367 4022 est,
391 3975 440 4010 uon
459 3968 500 4011 est
518 3969 616 4011 nostrae
633 3963 762 4010 securitatis
781 3975 841 4023 prae
859 3965 1008 4026 paupertate
1027 3962 1149 4009 sermonis
1168 3961 1305 4009 exsolvere.
1346 3959 1396 4009 Sed
1415 3968 1500 4010 tamen
1518 3962 1558 4009 vel
1575 3974 1653 4022 pauca
1670 3973 1802 4009 recensere
1821 3961 1852 4007 de
1871 3961 1958 4022 pluri·

314 4049 364 4096 mis
383 4048 523 4096 secundum
542 4047 608 4108 quod
627 4049 758 4110 parvitatls
777 4054 875 4096 nostrae
894 4049 959 4096 vires
984 4053 1127 4110 suppetunt
1150 4047 1180 4096 ad
1206 4046 1306 4095 laudem
1324 4048 1420 4096 domini
1439 4061 1467 4096 ac
1484 4047 1625 4096 beatissimi
1642 4047 1791 4096 contessoris
1810 4049 1959 4095 veneratio·

315 4147 374 4184 nem
392 4146 519 4182 conemur.

402 4221 427 4268 5.
448 4219 463 4268 6
484 4218 658 4280 Mopaotodoa
676 4235 697 4269 e.
718 4223 750 4269 3.·
775 4221 837 4270 Erat
859 4222 886 4270 ln
911 4221 971 4270 villa
988 4220 1138 4270 Pociacense
1164 4221 1237 4269 homo
1261 4221 1361 4268 nomine
1381 4220 1507 4270 Saturnus
1524 4232 1569 4281 per
1586 4218 1688 4281 longum
1706 4221 1828 4283 temporis
1846 4225 1958 4269 tractum

315 4320 404 4354 manus
423 4307 508 4356 ambas
527 4306 623 4355 habena
641 4306 733 4356 aridas.

405 4391 503 4442 10-13
527 4391 696 4453 Mopnobodaa
712 4395 731 4441 t.
752 4398 787 4443 t:
813 4393 856 4455 qul
880 4393 912 4441 ad
929 4395 1031 4442 beatum
1049 4395 1133 4442 rhum
1153 4394 1194 4442 dei
1214 4392 1357 4442 llanrlllum
1376 4405 1419 4456 pro
1438 4393 1545 4441 sanitme
1561 4390 1713 4454 postulanda
1731 4392 1873 4453 proiectus,
1899 4407 1961 4442 cnm

315 4484 413 4528 noctem
438 4493 515 4528 unam
541 4478 571 4527 ad
596 4480 696 4538 vigilias
714 4481 771 4528 eins
790 4485 976 4542 pernoctasset,
1003 4479 1069 4529 facto
1088 4479 1201 4528 diluenlo
1220 4479 1250 4528 ad
1267 4479 1345 4542 pedes
1362 4480 1418 4527 eins
1439 4491 1465 4526 se
1484 4479 1621 4540 pmsteruit
1638 4476 1787 4539 deprecans,
1815 4477 1893 4526 immo
1912 4480 1961 4526 ob-

315 4567 377 4615 nixa
395 4566 552 4615 credulitatis
572 4578 632 4614 suae
650 4567 819 4614 ostentatione
839 4565 1001 4629 compellens,
1022 4571 1051 4614 nt
1069 4568 1169 4626 signnm
1188 4567 1269 4614 crucis
1288 4579 1364 4628 super
1382 4577 1472 4613 marrus
1491 4564 1548 4611 etus
1566 4563 1668 4611 iaceret.

404 4652 443 4702 lt.
468 4652 499 4702 18
519 4650 689 4714 Mopaobodua
707 4653 724 4703 t'.
746 4655 783 4701 l.:
808 4665 857 4715 quo
883 4653 961 4712 lacto,
988 4653 1072 4700 statim
1098 4653 1232 4700 restitutae
1256 4657 1316 4700 aunt
1339 4651 1441 4699 sanitati
1467 4656 1544 4712 atque
1561 4654 1661 4713 aptatae
1680 4649 1726 4697 diu
1746 4650 1844 4711 negatis
1863 4651 1959 4700 usibus

258 4813 263 4818 1
315 4739 444 4803 operandi.

402 4825 504 4878 19-26
524 4825 694 4888 Mopnobodua
712 4828 730 4876 l.
745 4827 782 4876 l.:
803 4825 854 4874 Nec
872 4826 945 4886 longo
963 4829 1019 4886 post
1036 4829 1148 4885 tempore
1167 4835 1224 4871 ecce
1242 4827 1269 4870 et
1287 4823 1379 4871 mulier
1397 4835 1462 4884 qnae
1480 4836 1495 4869 a
1512 4821 1644 4871 daemonio
1662 4823 1801 4870 vexabatur
1819 4822 1869 4868 iam
1888 4824 1960 4871 mul-

314 4915 349 4962 tis
373 4914 463 4975 annis,
490 4927 523 4960 ex
541 4926 591 4974 qua
609 4913 773 4961 infestatione
792 4913 920 4971 tyrannica
939 4911 1013 4958 etiam
1032 4923 1104 4959 caeca
1123 4910 1189 4957 lacta
1208 4911 1302 4968 iuerat,
1330 4907 1360 4956 ad
1379 4914 1495 4956 sanctum
1513 4907 1606 4956 domini
1625 4923 1639 4956 a
1657 4908 1774 4956 tidelibns
1793 4907 1855 4955 viris
1873 4907 1961 4958 addu-

314 5000 390 5048 citur.
429 4998 510 5058 Quam
530 5000 575 5047 ubi
593 4999 683 5046 beatus
701 4999 741 5045 vir
758 5002 918 5059 praesentem
936 4997 985 5045 sibi
1003 4995 1092 5046 lectam
1112 4995 1187 5056 vidit,
1207 5008 1263 5043 mox
1283 5008 1338 5043 eam
1356 4992 1474 5042 diabolus
1493 4993 1605 5054 reliquit.
1643 4995 1740 5044 Pariter
1758 5000 1786 5043 et
1803 5007 1876 5042 meus
1895 5008 1960 5045 sana

314 5086 389 5134 rediit
407 5092 433 5134 et
451 5086 517 5134 ocull
536 5086 592 5134 elur
610 5085 676 5147 quod
694 5085 733 5132 vis
752 5085 853 5132 inimica
871 5084 1007 5132 abstulerat
1025 5084 1111 5130 lumen
1131 5087 1280 5144 receperunt
1298 5082 1449 5144 praebentes
1468 5080 1576 5128 seminas
1594 5079 1714 5130 ducatum
1727 5081 1867 5144 proprium,
1889 5095 1959 5144 qnae

314 5173 388 5232 paulo
407 5177 467 5220 ante
486 5177 591 5220 venerat
607 5171 698 5221 alieno.

401 5257 433 5307 27
453 5285 489 5294 -
504 5274 532 5320 p.
553 5257 596 5318 87,
616 5259 633 5305 l.
655 5256 671 5306 9
696 5256 868 5318 Mopaoltodne
885 5269 906 5304 o.
928 5257 958 5302 t:
988 5255 1051 5304 Cum
1076 5255 1181 5317 quidam
1205 5257 1316 5315 pastores
1339 5267 1427 5314 pecora
1452 5267 1497 5302 sua
1521 5253 1616 5314 vigillis
1641 5254 1720 5301 noctis
1746 5257 1880 5316 pascentes
1905 5255 1958 5303 sol-

314 5345 383 5394 licite
406 5345 578 5407 custodirent,
603 5357 671 5394 uuua
689 5358 722 5392 ex
739 5345 777 5392 eis
796 5344 905 5391 latenter
923 5341 1049 5391 mordetur
1069 5357 1082 5389 a
1101 5343 1201 5403 vipera,
1229 5345 1329 5388 etcum
1348 5341 1397 5388 lam
1417 5341 1443 5387 ri
1461 5339 1554 5389 censui
1572 5341 1600 5387 in
1619 5353 1646 5390 se
1665 5343 1795 5401 maerente
1813 5340 1958 5390 semivivus

404 5621 419 5670 4
438 5625 587 5682 corrigemus
606 5621 629 5668 P
732 5621 764 5670 25
785 5623 870 5669 innota
890 5619 911 5666 P
