4456 6202
868 343 961 398 VITA
980 341 1119 399 SANGTI
1135 341 1276 432 lustru.
1845 341 1883 403 31

261 535 410 601 discessit
437 555 533 618 quam
565 535 638 600 dato
668 533 737 618 regi
766 534 868 620 pretio
897 533 968 619 ipse
999 553 1072 598 eam
1101 533 1264 599 liberaret.
1312 531 1365 598 Sic
1396 551 1458 596 uno
1480 538 1640 597 momento
1664 537 1695 596 et
1718 531 1806 595 salus
1829 527 1890 594 fuit

261 639 399 724 supplici
423 645 455 704 et
477 658 561 704 mors
585 638 690 704 extitit
713 637 959 723 praesumptori.

352 743 412 826 (36)
439 743 508 808 Nec
539 742 574 807 id
596 742 726 826 quidem
751 747 799 806 est
822 739 1032 807 omittendum
1056 740 1141 821 quod
1163 739 1248 805 tradi
1270 739 1442 805 memoriae
1465 739 1501 805 fit
1522 739 1675 805 votivum.
1722 738 1761 802 In
1783 737 1889 802 vicum
1911 733 1993 799 XIII

261 845 352 910 cuius
379 847 572 911 vocabulum
604 853 654 912 est
674 844 806 910 Albivia
835 843 908 928 piae
931 843 1111 910 devotionis
1134 843 1242 910 studio
1265 850 1397 909 sanctus
1420 851 1512 928 pater
1534 842 1682 908 accessit.
1732 840 1792 906 Vbi
1814 840 1889 905 dum

229 949 392 1033 squidam
415 969 531 1016 caecus
553 948 595 1015 ab
619 969 657 1014 eo
680 969 774 1034 opem
797 947 1036 1014 misericordiae
1059 948 1256 1032 postularet,
1284 947 1390 1031 coepit
1411 946 1508 1030 idem,
1535 947 1611 1030 quia
1634 946 1755 1011 dudum
1779 951 1892 1029 captus

260 1052 368 1118 fuerat
395 1053 602 1119 infestatione
632 1052 809 1134 daemonii,
848 1051 989 1136 corporis
1019 1051 1189 1117 vexatione
1219 1051 1369 1134 torqueri.
1431 1053 1491 1134 (31)
1518 1052 1611 1115 Tunc
1638 1050 1673 1115 in
1703 1049 1889 1129 orationem,

261 1156 313 1220 cui
336 1176 461 1240 semper
484 1155 583 1222 animi
606 1164 720 1222 sancta
742 1156 911 1222 devotione
934 1156 1088 1236 vacabat,
1115 1175 1233 1240 corpus
1256 1156 1353 1221 etiam
1376 1155 1548 1240 prostravit
1570 1160 1761 1239 raptumque
1783 1153 1894 1218 lumen

261 1260 428 1346 pristinum
458 1259 600 1326 reddidit
629 1259 731 1326 oculis
762 1267 795 1326 et
822 1266 946 1344 pestem
977 1258 1121 1323 inmundi
1153 1259 1284 1344 spiritus
1315 1259 1481 1342 effugavit.
1529 1258 1556 1324 Ο
1586 1257 1761 1323 ineffabilis
1787 1257 1894 1341 gratia

261 1363 410 1448 pietatis,
444 1384 465 1428 a
494 1384 559 1446 qua
582 1363 658 1430 dum
681 1363 868 1429 substantia
885 1364 954 1429 sola
976 1363 1113 1447 petitur,
1146 1363 1264 1448 triplex
1287 1363 1463 1429 remedium
1487 1361 1662 1445 obtinetur,
1697 1361 1782 1427 victu
1805 1359 1895 1445 pavit

213 1487 411 1551 megenum,
439 1469 620 1534 muneravit
641 1468 714 1533 visu
736 1474 913 1550 caecatum,
940 1467 1083 1533 reddidit
1104 1467 1244 1534 libertati
1267 1467 1443 1552 captivum.

354 1572 414 1654 (38)
442 1573 586 1656 Itemque
609 1577 793 1637 occurrente
817 1592 854 1638 eo
877 1570 947 1654 regi
971 1571 1220 1638 childeberctho
1242 1570 1403 1654 Parisius,
1434 1570 1598 1636 nuntiatur·
1620 1568 1764 1654 pontifici
1786 1587 1895 1651 regem
1917 1565 1994 1632 XIV

262 1676 443 1742 venationis
467 1695 566 1742 causa
588 1676 629 1741 de
652 1675 783 1741 civitate
807 1676 840 1740 in
864 1676 1036 1740 crastinum
1060 1696 1132 1742 esse
1157 1676 1384 1741 discessurum.
1425 1675 1557 1741 Mandat
1578 1681 1614 1740 nt
1636 1693 1671 1740 se
1688 1673 1821 1756 dignum
1837 1672 1898 1736 du-

154 1811 156 1814 ·
263 1786 351 1846 ceret
380 1780 627 1866 expectandum.
676 1779 742 1845 Sed
770 1779 847 1863 quia
876 1781 1006 1846 beatum
1029 1780 1181 1846 Albinum
1214 1779 1389 1865 corporalis
1410 1779 1578 1844 infirmitas
1601 1777 1821 1864 praepedivit,
1855 1776 1897 1841 ad

264 1884 333 1950 eius
363 1884 580 1968 praesentiam
610 1883 795 1969 praedictus
819 1903 876 1948 rex
899 1903 1063 1950 occurrere
1086 1882 1277 1966 maturavit,
1311 1883 1366 1966 qui
1389 1883 1491 1948 donec
1513 1881 1683 1968 perillam
1706 1880 1792 1946 viam
1815 1899 1898 1963 quae

217 2007 246 2047 rs
266 1987 309 2052 ad
335 1988 536 2055 sacerdotem
559 1987 698 2054 ducebat
720 1987 866 2069 incessit,
902 1986 1046 2054 feliciter
1062 1987 1255 2074 properavit.
1308 1988 1369 2071 (39)
1398 1987 1478 2053 Cum
1502 1983 1578 2052 vero
1601 1985 1635 2052 in
1656 1985 1817 2069 quoddam
1840 1982 1898 2048 tri-

264 2092 351 2157 vium
382 2092 585 2178 pervenisset
614 2093 777 2173 velletque
806 2091 886 2156 alibi
916 2090 1078 2174 deviare,
1096 2111 1198 2175 equus
1230 2091 1302 2156 eius
1332 2110 1370 2156 ao
1393 2091 1421 2156 si
1443 2091 1610 2156 metallum
1633 2089 1729 2155 fusile
1752 2106 1898 2172 gressum

264 2216 393 2262 movere
420 2196 626 2280 convaluit.
673 2195 850 2281 Suspicans
880 2215 938 2260 rex
968 2196 1096 2280 culpam
1126 2215 1198 2262 esse
1227 2195 1301 2278 equi
1331 2194 1436 2278 magis
1466 2214 1563 2277 quam
1592 2213 1729 2274 causae,
1763 2193 1898 2257 alterum

265 2299 326 2365 sibi
355 2299 432 2366 feeit
463 2301 578 2384 sterni,
612 2320 706 2384 quern
738 2299 815 2364 dum
837 2299 1022 2384 peripsum
1045 2300 1107 2366 iter
1127 2299 1222 2382 gradi
1245 2299 1456 2384 conpelleret,
1491 2319 1529 2364 ac
1552 2297 1580 2364 si
1603 2318 1693 2363 muro
1715 2295 1900 2381 inpediente

265 2423 381 2469 caesus
410 2404 457 2471 ire
487 2425 551 2470 non
575 2404 687 2470 valuit.
742 2406 801 2487 (40)
830 2403 1029 2487 Intellegens
1052 2425 1110 2471 rex
1132 2404 1214 2469 nihil
1237 2403 1414 2489 profecisse
1437 2409 1579 2469 mutasse
1602 2401 1803 2483 vehiculum,
1836 2397 1901 2464 nisi

218 2527 248 2568 ae
268 2515 407 2574 mutaret
429 2528 606 2592 occursum,
637 2508 743 2595 coepit
764 2509 806 2574 ab
829 2529 912 2591 equo
935 2508 1061 2574 discere
1083 2509 1168 2591 quod
1191 2508 1285 2573 homo
1308 2514 1458 2593 peccaret
1481 2515 1512 2573 et
1535 2506 1694 2571 humanus
1717 2504 1901 2570 intellectus

265 2612 401 2678 haberet
429 2612 514 2695 quod
545 2633 644 2697 pecus
674 2613 859 2696 corrigeret.
908 2612 1090 2679 Deflectens
1121 2612 1154 2677 in
1176 2612 1262 2678 viam
1285 2633 1369 2695 quae
1391 2612 1435 2676 ad
1458 2611 1656 2677 sacerdotem
1679 2610 1827 2689 duceret,
1862 2628 1902 2673 ea

266 2716 373 2800 coepit
395 2717 564 2781 alacritate
587 2716 785 2798 discurrere,
817 2737 855 2781 ac
878 2717 906 2781 si
929 2723 1058 2801 ereptus
1081 2714 1122 2781 de
1146 2715 1243 2782 fovea
1265 2716 1371 2800 campi
1394 2715 1500 2780 mollis
1523 2714 1690 2799 planitIem
1712 2712 1899 2798 recepisset.

358 2818 419 2901 (41)
447 2819 506 2883 Est
535 2838 652 2903 operae
682 2819 820 2905 pretium
853 2820 894 2885 de
919 2819 1059 2903 quodam
1083 2818 1241 2885 cadavere
1264 2840 1331 2884 rem
1353 2819 1461 2884 vivam
1484 2818 1636 2904 proferre.
1682 2817 1768 2880 Dum
1790 2815 1832 2880 ad
1854 2815 1900 2881 ci·
1922 2811 1982 2878 XV

267 2919 398 2986 vitatem
422 2921 557 2986 Venetis
579 2922 649 3006 ipse
673 2923 722 2989 vir
744 2923 940 3007 apostolicus
963 2922 1166 3004 accessisset,
1197 2941 1280 2987 unus
1303 2922 1344 2987 de
1367 2921 1618 3004 obsequentibus
1640 2920 1706 2985 iarn
1728 2938 1901 2986 conversus

217 3043 248 3084 aa
268 3023 549 3105 adolescentulus,
575 3044 670 3106 quem
694 3045 750 3110 pro
774 3026 929 3108 qualitate
952 3046 1073 3091 morum
1098 3025 1294 3110 peculiarius
1318 3025 1494 3109 diligebat,
1521 3045 1559 3090 eo
1580 3025 1616 3089 in
1639 3025 1709 3090 loco
1731 3024 1902 3090 defunctus

269 3133 319 3192 ert
346 3134 443 3209 atque
475 3128 639 3213 sepultus,
672 3129 762 3194 euius
792 3137 865 3214 post
893 3149 1011 3195 annum
1043 3129 1265 3214 corpusculum
1297 3128 1467 3214 psallendo
1497 3128 1540 3193 ad
1565 3127 1695 3214 propria
1716 3127 1898 3194 revocabat.

273 3232 333 3312 (42)
361 3232 453 3308 Tunc
483 3238 664 3298 remorante
694 3252 732 3297 eo
762 3252 819 3317 pro
849 3251 963 3314 causa,
999 3233 1170 3298 voluerunt
1200 3232 1377 3299 servientes
1404 3232 1493 3318 prius
1516 3250 1632 3318 corpus
1654 3251 1783 3298 movere
1806 3251 1902 3314 quam

269 3334 419 3399 sacerdos
448 3343 643 3420 occurreret,
681 3336 740 3402 sed
769 3342 858 3410 tanto
887 3337 1029 3422 pondere
1059 3336 1095 3401 fit
1125 3342 1312 3420 gravatum,
1352 3343 1387 3402 ut
1414 3343 1511 3402 antea
1540 3335 1721 3422 potuissent
1748 3334 1903 3419 gigantea

269 3438 412 3502 membra
435 3457 572 3523 pensare
595 3458 690 3521 quam
713 3440 840 3525 pueruli
864 3459 977 3526 corpus
1002 3440 1153 3520 sufferre,
1180 3440 1256 3505 dum
1280 3440 1388 3507 adhuc
1409 3440 1549 3507 cadaver
1570 3441 1767 3524 insepultum
1790 3439 1903 3504 crede·
2005 3435 2006 3440 ’

220 3563 249 3604 ao
269 3545 357 3604 retur
385 3540 451 3605 iam
480 3562 637 3608 marmore
667 3544 787 3629 premi,
822 3564 894 3609 cum
924 3564 984 3609 neo
1007 3544 1083 3627 equi
1104 3563 1251 3628 gressum
1274 3551 1422 3629 poterant
1443 3563 1648 3630 promovere,
1682 3565 1722 3609 ac
1744 3543 1772 3608 si
1794 3542 1903 3628 pulvis

270 3643 340 3709 eius
370 3645 411 3711 de
442 3665 477 3711 se
506 3644 636 3711 vincula
664 3654 869 3731 generasset,
905 3647 1008 3714 donec
1034 3649 1170 3714 antestis
1193 3649 1322 3714 rediens
1345 3649 1489 3715 oratione
1513 3649 1653 3715 solveret
1674 3667 1753 3731 quos
1776 3653 1902 3713 tacente

270 3767 348 3814 voce
371 3748 512 3814 confixit.

361 3852 420 3934 (43)
451 3853 520 3918 Hoc
548 3851 665 3918 iterum
695 3873 760 3919 non
782 3853 886 3919 minus
909 3861 959 3920 est
981 3854 1236 3938 praedicandum
1258 3855 1460 3922 miraculum.
1507 3856 1589 3922 (lum
1611 3855 1645 3921 in
1668 3855 1904 3920 Tincillacense
1927 3853 2002 3920 XVI

270 3957 464 4022 monasterio
482 3956 703 4024 Gennomerus
726 3958 902 4024 monachus
926 3966 1013 4038 esset
1034 3960 1197 4025 oculorum
1220 3961 1292 4025 luce
1315 3960 1460 4046 privatus
1484 3965 1516 4026 et
1537 3977 1660 4026 annosa
1682 3967 1827 4045 tempora
1841 3979 1906 4023 una

221 4067 381 4126 suessent
403 4067 496 4128 nocte
519 4062 686 4129 caecitatis
710 4069 903 4144 transcursa,
932 4063 1025 4147 petiit
1047 4064 1110 4130 sibi
1133 4085 1153 4130 a
1175 4064 1243 4130 viro
1267 4065 1469 4130 sanctissimo
1485 4063 1554 4130 lieri
1569 4064 1673 4130 crucis
1688 4063 1902 4146 signaculum.

271 4162 341 4240 Quo
371 4164 473 4248 sacto,
508 4166 638 4232 luminis
668 4166 776 4232 vitulis
800 4167 953 4253 splendor
974 4167 1108 4233 intravit
1130 4175 1163 4234 et
1185 4167 1306 4252 fugatis
1328 4168 1470 4234 tenebris
1494 4168 1541 4233 sol
1564 4167 1754 4252 peregrinus
1776 4165 1901 4232 inluxit.

277 4268 338 4350 (44)
365 4267 423 4333 Est
446 4275 478 4334 et
500 4269 560 4335 hoc
581 4270 666 4336 inter
687 4271 813 4353 reliqua
836 4272 1020 4337 venerabile
1045 4271 1281 4338 documentum.
1330 4273 1410 4339 Cum
1433 4273 1467 4337 in
1490 4273 1620 4338 civitate
1642 4271 1818 4336 Andecava
1838 4277 1907 4336 tur-

271 4369 315 4434 ris
345 4378 455 4455 portae
485 4372 660 4440 cohaerens
690 4373 851 4440 damnatis
882 4383 969 4441 esset
996 4395 1105 4441 carcer
1136 4376 1269 4459 effecta,
1304 4382 1530 4461 praetereunte
1553 4376 1646 4440 beato
1669 4374 1787 4441 Albino
1810 4373 1908 4439 fiebat

271 4473 444 4540 insolentia
473 4474 513 4540 de
542 4477 675 4542 vocibus
697 4477 906 4544 inclusorum.
954 4480 1045 4544 Tunc
1068 4479 1110 4544 ad
1132 4479 1271 4546 iudicem
1295 4487 1442 4565 precator
1465 4479 1605 4561 accedit,
1639 4485 1675 4544 ut
1698 4499 1752 4545 eos
1775 4477 1906 4562 pietatis

221 4600 253 4644 ro
274 4597 373 4643 causa
402 4578 443 4644 de
473 4579 619 4644 custodia
646 4581 820 4648 relaxaret.
872 4584 934 4667 (45)
961 4582 1055 4660 Quod
1077 4605 1148 4648 cunr
1172 4583 1228 4650 ille
1252 4603 1329 4649 aure
1353 4582 1451 4648 surda
1473 4582 1633 4666 differret,
1667 4603 1740 4647 mox
1763 4578 1907 4666 pontifex

272 4679 315 4744 ad
344 4680 440 4746 deum
469 4702 505 4748 se
534 4682 601 4748 fida
630 4685 783 4770 petitione
815 4692 1023 4769 convertens,
1056 4693 1121 4752 tam
1144 4687 1299 4752 familiari
1322 4707 1399 4753 voce
1423 4687 1604 4771 suggessit,
1640 4692 1674 4751 ut
1696 4686 1730 4750 in
1751 4685 1821 4750 loco
1844 4702 1907 4766 quo

272 4784 448 4851 orationem
479 4793 610 4853 sanctus
641 4788 755 4854 effudit
781 4790 882 4855 mirae
912 4789 1145 4873 magnitudinis
1175 4809 1293 4856 saxeus
1323 4791 1464 4874 quadrus
1495 4791 1633 4857 exiliens
1662 4796 1773 4873 portae
1800 4788 1907 4852 aditus

273 4887 365 4954 fieret
394 4890 582 4972 carceratis,
617 4892 694 4974 quia
722 4900 797 4958 ante
827 4893 896 4958 eius
926 4913 1054 4978 precem
1083 4894 1279 4960 soliditatem
1310 4913 1402 4959 suam
1432 4895 1516 4979 lapis
1546 4913 1675 4959 servare
1705 4911 1768 4957 non
1790 4889 1903 4974 potuit.

281 4993 341 5075 (46)
368 4993 452 5059 Hinc
480 4995 604 5077 egressi
634 4995 726 5079 quasi
749 4996 789 5062 de
813 4997 982 5081 sepulchro
1006 4998 1170 5080 viventes,
1204 4998 1238 5063 in
1261 4998 1397 5064 basilica
1420 4998 1522 5064 sancti
1547 4996 1688 5062 Maurilii
1711 4995 1827 5059 domno
1849 4992 1908 5057 Al-

227 5121 259 5161 es
278 5097 353 5162 hino
375 5097 498 5181 gratias
521 5098 708 5183 referentes,
736 5119 771 5166 se
794 5101 836 5166 ad
860 5101 998 5186 vestigia
1021 5101 1090 5168 eius
1113 5108 1365 5188 prostraverunt,
1392 5123 1429 5168 eo
1454 5101 1540 5186 quod
1556 5106 1723 5185 suspectos
1740 5098 1780 5164 de
1796 5097 1908 5164 funere

275 5200 381 5266 redire
404 5200 526 5266 fecerat
546 5202 589 5268 ad
612 5203 759 5269 salutem.

362 5496 437 5566 3111]
455 5499 485 5562 Ε,
506 5501 539 5548 eft
558 5499 645 5549 Surr'as
764 5499 792 5550 11
814 5502 1010 5552 childebertoln'
1114 5503 1146 5552 20
1164 5518 1210 5551 rex
1228 5507 1254 5552 ct
1271 5518 1373 5552 cursum
1391 5503 1480 5552 bursa
1586 5501 1615 5551 21
1637 5501 1758 5551 deflectar
1776 5503 1804 5550 ln
1824 5500 1910 5551 niaX

275 5586 308 5636 22
326 5583 422 5653 mollis]
440 5587 575 5636 molliclem
591 5587 617 5634 Ε
755 5585 788 5636 24
807 5594 916 5638 nanetus
941 5591 962 5638 Y
1098 5590 1131 5640 25
1149 5587 1363 5658 adolescentulus]
1381 5591 1468 5640 christi
1487 5590 1595 5640 seruitio
1613 5590 1731 5638 subditus
1749 5588 1808 5638 cdd.
1832 5588 1909 5636 Lurhi

275 5671 308 5722 26
327 5669 411 5740 cuius]
429 5674 543 5723 defuncti
562 5673 620 5725 add.
644 5673 710 5723 dieb.
819 5672 851 5722 29
870 5689 988 5737 prensare
1007 5675 1097 5724 Sarius
