4536 6196
1027 292 1248 350 FORTVNATI
1266 295 1469 352 CARlllllVll

772 485 860 550 nuda
882 485 1062 551 maritalem
1086 485 1224 551 caleavit
1245 488 1356 570 planta
1378 507 1521 553 eruorem

858 589 1042 672 blandaque
1064 589 1223 654 transibat
1243 590 1342 656 fratre
1364 591 1491 656 iacente
1514 610 1612 657 soror.

773 697 884 776 raptus
906 693 947 758 ab
970 693 1121 777 amplexu
1145 692 1256 757 matris
1278 714 1358 777 puer
1379 714 1433 759 ore
1457 694 1626 779 pependit,

860 795 1012 861 funereae
1034 796 1165 879 planetu
1187 815 1247 860 neo
1270 794 1360 862 dedit
1381 797 1469 862 ullus
1492 819 1604 881 aquae.

774 906 858 964 sorte
881 902 972 983 gravi
994 899 1099 964 minue
1122 906 1172 964 eet
1192 899 1260 964 nati
1282 899 1329 964 sie
1350 900 1486 984 perdere
1508 901 1608 966 vitam
1618 926 1632 974 ε,

860 1001 1000 1088 perdidit
1022 1009 1054 1068 et
1076 1003 1226 1069 lacrimae
1248 1009 1352 1068 mater
1372 1004 1492 1070 anhela
1515 1005 1598 1088 pias.

773 1126 836 1170 non
859 1125 998 1190 aequare
1021 1126 1104 1188 queo
1126 1107 1177 1172 vel
1201 1107 1339 1173 barbara
1361 1107 1482 1172 semina
1503 1106 1613 1173 fletum

860 1216 1037 1291 cunctaque
1059 1217 1222 1292 guttarum
1243 1218 1369 1276 maesta
1389 1218 1501 1277 natare
1524 1213 1609 1277 laen.

774 1313 908 1396 quisque
931 1332 1006 1377 suos
1028 1312 1142 1399 habuit
1164 1312 1276 1395 fletus,
1303 1334 1364 1398 ego
1387 1314 1456 1380 eola
1479 1314 1537 1380 sed
1559 1335 1686 1382 omnee:

861 1421 912 1480 eet
932 1415 1011 1480 milri
1033 1417 1179 1500 privatus
1201 1417 1351 1501 publicus
1373 1417 1431 1483 ille
1454 1417 1555 1484 dolor.

776 1517 937 1584 consuluit
958 1520 1085 1584 fortuna
1108 1519 1186 1585 viris
1208 1539 1289 1604 qnos
1311 1521 1448 1605 peroulit
1470 1523 1588 1600 hostie;

862 1628 897 1687 ut
918 1620 1027 1686 flerem
1052 1623 1174 1687 cunetis
1198 1643 1261 1687 una
1284 1631 1448 1708 superstes
1470 1645 1543 1708 ago.

776 1746 835 1791 neo
858 1726 960 1790 solum
984 1725 1141 1790 extinctos
1164 1745 1260 1808 oogor
1281 1727 1394 1810 lugere
1417 1728 1626 1812 propinquos:

862 1829 920 1892 hos
942 1848 1085 1911 qnoque,
1111 1848 1191 1912 quos
1213 1830 1329 1894 retinet
1351 1830 1419 1895 vite
1440 1831 1598 1914 benigna,
1624 1830 1704 1916 fleo,

777 1951 875 2016 saepe
898 1932 959 1997 sub
981 1939 1106 1997 umeoto
1129 1930 1295 1998 conlidens
1317 1933 1440 1998 lumina
1461 1935 1569 2012 vultn;

863 2056 1025 2100 murmura
1048 2035 1160 2100 clausa
1182 2036 1283 2102 latent
1306 2056 1365 2102 neo
1387 2057 1460 2102 mea
1483 2059 1559 2103 eura
1580 2046 1675 2105 tacet.

777 2146 887 2223 speeto
910 2139 1032 2220 libens,
1058 2140 1201 2222 aliquam
1225 2141 1253 2205 si
1275 2140 1399 2206 nuntiet
1421 2161 1500 2206 aura
1522 2143 1679 2226 salutem,

863 2243 1016 2324 nullaque
1040 2243 1080 2307 de
1104 2241 1226 2308 eunetis
1249 2245 1362 2309 umbra
1384 2245 1526 2328 parentis
1548 2245 1652 2312 adest.

777 2346 867 2410 ouius
889 2345 923 2410 in
946 2355 1079 2429 aspeotu
1101 2352 1210 2411 tenero
1233 2347 1362 2411 solabar
1383 2368 1492 2413 amore

864 2449 960 2513 solvit
981 2449 1022 2514 ab
1045 2450 1197 2534 amplexu
1221 2469 1289 2515 sors
1313 2449 1442 2515 inimioa
1464 2472 1548 2516 meo.

778 2573 835 2632 an,
862 2552 948 2636 quod
969 2552 1002 2616 in
1024 2551 1150 2617 absenti
1173 2560 1204 2617 te
1227 2573 1287 2617 neo
1308 2573 1382 2618 mea
1404 2573 1480 2619 eura
1503 2557 1677 2640 remordet,

865 2657 1015 2720 affectum
1039 2656 1165 2722 dulcem
1189 2655 1293 2721 eladis
1314 2677 1425 2722 amara
1446 2659 1520 2723 tulit
1528 2665 1542 2723 'l

703 2834 705 2840 Ι
780 2759 833 2824 vel
857 2778 978 2824 memor
1001 2765 1086 2840 esto,
1113 2758 1177 2823 tuis
1199 2759 1373 2843 primaevis
1395 2761 1502 2844 qualis
1524 2763 1565 2828 ab
1588 2763 1699 2847 annis,

866 2861 1112 2942 Hamalalrede‚
1129 2861 1197 2927 sibi
1219 2869 1294 2928 tune
1318 2863 1529 2947 Radegundie
1551 2886 1657 2949 eram,

779 2971 933 3049 qnantum
956 2986 1006 3030 me
1030 2965 1190 3047 quondam
1214 2964 1318 3030 duleis
1341 2966 1496 3033 dilexeris
1518 2969 1626 3034 infans

866 3074 899 3134 et
921 3068 961 3134 de
984 3069 1081 3134 fratre
1104 3068 1205 3154 patris
1227 3075 1320 3148 nate,
1347 3070 1486 3156 benigne
1509 3092 1636 3156 parens.

779 3172 866 3255 quod
888 3179 981 3257 pater
1003 3172 1161 3237 extinctus
1184 3180 1326 3256 poterat,
1352 3173 1438 3256 qnod
1460 3183 1562 3241 mater
1584 3177 1715 3260 heberi,

866 3277 951 3359 quod
974 3295 1062 3341 soror
1084 3282 1141 3340 aut
1162 3276 1260 3340 trater
1282 3282 1316 3340 tu
1339 3277 1418 3342 mihi
1440 3278 1528 3343 solus
1551 3299 1633 3344 eras.

780 3399 898 3464 prensa
920 3378 982 3463 piis
1004 3379 1155 3445 manibus
1177 3379 1241 3445 hen
1263 3379 1385 3444 blanda
1406 3401 1464 3466 per
1486 3378 1598 3447 oscula
1621 3384 1767 3466 pendens

865 3483 1031 3548 mulcebar
1052 3483 1180 3566 placido
1203 3484 1323 3549 lamine
1345 3504 1446 3568 parva
1468 3492 1533 3550 tuo.

779 3586 834 3650 vix
857 3586 981 3650 eratin
1004 3587 1160 3671 apetium,
1187 3594 1304 3670 quote
1327 3586 1433 3652 minus
1456 3588 1535 3653 hora
1557 3589 1707 3667 referret;

866 3690 998 3755 saecula
1021 3710 1105 3754 nuno
1127 3689 1271 3773 fugiunt,
1297 3710 1357 3756 neo
1379 3695 1435 3756 tna
1456 3692 1556 3757 verba
1577 3693 1654 3758 fero.

780 3794 949 3860 volvebam
972 3793 1102 3858 rabidas
1124 3793 1221 3859 inliso
1243 3794 1276 3858 in
1300 3800 1427 3878 pectore
1450 3813 1561 3878 ouras,

866 3917 925 3963 een
947 3898 1160 3978 revocareris,
1186 3897 1314 3981 qnando
1336 3898 1388 3963 vel
1412 3899 1516 3978 uude,
1541 3919 1669 3983 parens.

780 4003 808 4069 ei
830 4009 923 4087 pater
944 4009 1000 4068 aut
1022 4000 1168 4084 genetrix
1191 4008 1247 4068 aut
1268 4001 1359 4084 regia
1382 4022 1458 4068 eura
1479 4003 1626 4086 tenebat,

866 4127 938 4171 eum
961 4105 1138 4170 festinabas
1161 4105 1225 4170 iam
1249 4105 1327 4170 mihi
1348 4106 1461 4172 tardus
1483 4125 1567 4172 eras.

780 4229 848 4275 sors
871 4216 940 4275 erat
960 4207 1130 4290 indicium,
1156 4208 1288 4292 quiete
1312 4209 1388 4290 cite,
1417 4230 1508 4292 earo,
1534 4229 1693 4288 earerem;

864 4313 1053 4398 inportunus
1075 4334 1164 4377 amor
1185 4313 1289 4379 nescit
1310 4313 1429 4382 babere
1452 4312 1519 4380 diu.

780 4417 878 4482 anxia
899 4417 1058 4514 vepabar,
1086 4417 1113 4482 ei
1135 4437 1199 4481 non
1222 4416 1335 4482 domus
1358 4437 1423 4481 una
1444 4417 1591 4500 tegebat,

867 4521 1052 4604 egrediente
1076 4519 1153 4586 soris
1175 4521 1269 4587 rebar
1291 4520 1399 4586 abisse
1420 4521 1541 4604 prooul.

448 4717 645 4725 ,.-.---
657 4718 661 4720 -
672 4719 687 4722 -.
696 4718 803 4722 .———
813 4717 853 4723 m„-

513 4833 615 4884 28—30
633 4834 765 4883 admonent
785 4835 889 4884 Senecae
910 4835 994 4896 Oedip.
1017 4838 1119 4884 56-59
1224 4835 1257 4884 29
1277 4849 1366 4882 manne
1386 4835 1410 4882 Σ
1514 4835 1547 4883 30
1566 4835 1680 4897 perdedit
1700 4832 1733 4880 Σ1
1840 4833 1870 4883 31
1891 4831 1992 4902 ilatum]
2012 4837 2074 4884 lletu

445 4921 469 4969 Σ
479 4921 523 4970 ae.
665 4921 696 4970 ³2
717 4929 805 4970 nntme
826 4921 849 4969 Σ
988 4921 1020 4970 33
1039 4923 1155 4982 quisquis
1176 4921 1210 4968 Σ1
1338 4923 1392 4968 enie
1412 4919 1436 4967 Σ
1557 4922 1638 4968 omnis
1657 4919 1701 4969 er.
1843 4918 1876 4968 34
1895 4920 2009 4981 priuatae
2031 4922 2074 4971 lla.

446 5007 479 5056 35
498 5023 560 5069 qnae
579 5009 624 5057 Br.
733 5009 835 5070 percolit
854 5008 888 5056 Σ1
1005 5009 1038 5056 33
1056 5010 1115 5068 sort.
1136 5015 1238 5056 eurrretoe
1343 5021 1399 5066 agor
1418 5007 1442 5053 Σ
1558 5006 1588 5054 37
1609 5019 1701 5067 quogor
1721 5005 1745 5052 Σ
1861 5004 1893 5054 38
1912 5008 2020 5066 benigna
2040 5005 2078 5073 Σ]

445 5098 517 5143 beata
536 5097 579 5145 ΒΓ.
697 5095 730 5142 39
749 5097 865 5143 lmmerto
883 5095 1003 5142 collidens
1022 5093 1110 5144 ΣῑΒτ.
1229 5094 1262 5142 lli
1281 5095 1364 5141 clades
1383 5092 1407 5139 Σ
1520 5093 1552 5140 le
1572 5093 1739 5140 hamalefrede
1759 5093 1801 5140 llr.
1917 5092 2077 5150 radegundes

344 5179 348 5187 ¹
444 5181 478 5229 Σ1
490 5183 534 5231 Br.
658 5180 690 5228 lb
710 5183 816 5243 quodam
837 5181 870 5228 Sl
994 5182 1027 5228 50
1045 5187 1115 5244 patre
1134 5183 1214 5228 aetrle
1233 5180 1278 5238 ΣΙ,
1299 5184 1368 5241 patre
1386 5180 1463 5241 patrie
1481 5176 1517 5226 Σὶ
1639 5177 1671 5226 54
1691 5179 1789 5225 dauniae
1808 5178 1852 5228 ar.
1977 5178 2010 5225 55
2030 5181 2077 5226 urla

443 5266 508 5334 erat]
526 5270 625 5316 uixerat
644 5268 722 5316 ΣΒν.
857 5265 896 5334 in]
915 5268 975 5327 sort.
995 5268 1021 5315 id
1156 5269 1268 5329 spacium
1289 5266 1313 5313 Σ
1451 5265 1483 5313 57
1503 5267 1600 5313 rabidae
1619 5262 1678 5330 aa]
1696 5265 1792 5325 lapidea
1811 5262 1855 5322 Σὶ,
1875 5263 1984 5326 lapidem
2004 5263 2041 5311 Σι

442 5357 508 5403 illiso
529 5355 564 5402 Σ2
704 5355 736 5404 58
755 5352 918 5420 reuocarerle]
942 5368 1056 5402 reuocare
1079 5369 1119 5402 res
1139 5353 1181 5412 ΣΙ,
1211 5367 1325 5402 renouare
1348 5367 1414 5401 rores
1433 5351 1477 5412 Σὶ,
1507 5366 1636 5400 reuocarer
1659 5353 1696 5399 eie
1716 5351 1759 5399 lla.
1790 5353 1844 5413 (cen
1862 5352 1879 5398 i.
1899 5364 1918 5397 a.
1941 5351 2075 5412 quomodo)

445 5442 477 5491 59
496 5446 605 5503 genitrix
619 5443 663 5492 Ba.
784 5441 813 5490 ol
836 5438 899 5507 sore]
918 5440 977 5499 sort.
999 5442 1048 5488 lore
1069 5442 1094 5502 (i.
1116 5457 1136 5489 ι.
1160 5443 1272 5501 tortasse)
1392 5438 1424 5488 52
1444 5441 1603 5501 importunus
1622 5436 1712 5487 ΣῑΒτ.
1827 5437 1870 5483 din
1890 5433 1925 5502 Σ]
1943 5436 2011 5484 diem
2030 5437 2078 5488 Br.

443 5529 475 5577 64
495 5531 559 5578 soree
578 5530 622 5578 m.
756 5531 826 5576 rebar
852 5530 932 5577 abisse
955 5524 1052 5593 procul]
1077 5529 1201 5591 reparabis
1220 5541 1318 5574 sonorae
1338 5525 1382 5586 Σῑ,
1410 5528 1564 5589 reparauiaea
1583 5540 1654 5573 norae
1674 5521 1717 5583 Σῑ,
1746 5530 1770 5572 te
1788 5523 1915 5586 panitaeee
1933 5537 2008 5571 uocas
2029 5523 2077 5578 Br,

444 5620 525 5680 (norae
542 5631 594 5667 aen
611 5617 747 5679 eamdent)
