4478 6188
399 275 425 338 V
428 275 443 339 Ι
1098 281 1328 338 PROOEMIVM.

401 505 536 586 Denique
559 523 625 566 crem
644 505 778 568 Plentins
801 509 958 588 episcopus
982 507 1020 568 ab
1043 509 1100 571 bac
1123 510 1188 570 lnce
1211 512 1382 592 mrqrosset,
1409 509 1495 590 opud
1512 511 1651 572 Parisios
1675 513 1825 573 civitatem
1845 513 2036 590 nascendos,

403 625 456 704 qni
477 632 547 687 tcercc
570 624 647 686 ebba
671 634 738 688 erot
760 626 905 690 basilicae
927 630 1028 690 sancti
1041 630 1160 709 Helori,
1187 631 1216 691 ei
1236 630 1367 692 succedit
1391 649 1432 691 eoo
1455 631 1542 691 iussn
1558 631 1639 713 repis
1657 629 1857 711 Cboribertbi,
1884 632 2043 694 clemente

402 742 568 827 Aresnnpb
591 745 651 808 nbi
670 747 750 809 berne
772 747 913 810 redebere
936 750 1042 812 locam.
1090 747 1181 814 Idem
1209 748 1330 834 pietate
1362 755 1539 814 commotus
1569 757 1696 834 poetam
1727 767 1862 833 urguere
1889 769 1953 816 non
1978 749 2041 815 de-

402 862 497 944 stitit,
533 869 568 928 ut
601 863 658 930 ‘de
681 865 806 931 actibus
829 867 1038 934 sacratissimi
1061 867 1132 933 viri'
1157 868 1308 946 ¹libellum
1338 875 1555 953 componeret,
1589 868 1623 934 id
1645 867 1732 952 quod
1753 869 1948 935 Fortunatus
1971 890 2041 935 non

400 983 521 1066 renuit,
557 985 618 1050 etsi
652 986 868 1070 ‘aequabilius
899 985 1022 1070 iuerat,
1057 989 1138 1054 baec
1167 989 1261 1054 beato
1284 987 1454 1054 Ambrosio
1484 987 1525 1054 de
1548 988 1647 1055 fratre
1671 988 1842 1055 scribenda
1864 989 2036 1070 mandare,

399 1104 449 1168 oui
483 1105 594 1170 verba¹
616 1106 801 1178 virtutibus,
820 1106 990 1174 coniuncta
1022 1107 1202 1174 florebant'.
1257 1108 1358 1186 Quem
1390 1109 1496 1174 locum
1523 1108 1572 1174 illi
1603 1109 1818 1194 protulerunt,
1856 1111 1911 1193 qui
1940 1109 2038 1176 Vitae

399 1226 585 1310 scriptorem
616 1235 712 1311 poeta
741 1227 947 1294 vetustiorem
979 1227 1080 1294 fuisse
1111 1227 1359 1308 contenderunt,
1393 1227 1572 1312 imperfecti
1601 1231 1752 1311 florebant
1771 1250 1904 1320 prorsus
1928 1230 2035 1312 obliti,

401 1367 441 1413 ex
470 1366 533 1430 quo
554 1347 771 1432 intellegitur,
805 1349 1016 1414 Fortunatam
1040 1349 1131 1413 illum
1155 1355 1227 1433 post
1244 1349 1410 1414 'Ambrosii
1434 1357 1566 1414 mortem
1591 1348 1770 1434 scripsisse.
1818 1349 1930 1432 Neque
1958 1357 2040 1434 ‘pa-

400 1475 516 1533 storem
540 1467 811 1552 antiquissimum’
836 1461 953 1535 Hilarii
977 1469 1154 1554 discipulus
1177 1476 1417 1554 praeceptorem
1440 1467 1606 1553 appellare
1629 1470 1797 1555 potuisset.
1841 1471 1935 1537 Certe
1959 1471 2041 1536 Vita

400 1589 434 1654 S.
453 1588 582 1671 Hilarii,
605 1595 640 1654 ut
655 1589 818 1657 Reinkens
834 1611 864 1655 v.
883 1610 912 1655 c.
931 1589 1051 1673 aliique
1066 1587 1151 1655 recte
1168 1589 1357 1670 statuerunt,
1378 1610 1398 1654 a
1414 1587 1572 1654 Venantio
1587 1590 1762 1656 Fortunato
1779 1591 1956 1676 composita
1973 1598 2036 1674 est,

400 1709 512 1775 eodem
538 1709 592 1792 qui
615 1709 731 1774 librum
755 1709 796 1776 de
819 1689 990 1776 virtutibus
1014 1709 1159 1775 eiusdem
1184 1710 1286 1774 sancti
1310 1709 1450 1794 scripsit.
1498 1707 1656 1793 Pleraque
1680 1730 1763 1792 quae
1786 1711 1826 1776 de
1849 1710 1882 1776 S.
1908 1711 2040 1776 Hilario

401 1830 520 1911 retulit,
547 1829 723 1914 eSulpicio
739 1829 857 1896 Severo
881 1831 997 1909 bausit,
1023 1830 1089 1895 alia
1111 1830 1249 1914 epistola
1270 1829 1387 1894 Hilarii
1409 1811 1619 1913 'suppositicia
1642 1829 1684 1894 ad
1698 1831 1817 1896 Abram
1840 1829 1938 1896 filiam
1957 1830 2041 1896 data

401 1950 628 2037 suppeditasse
658 1949 802 2030 videtur,
839 1935 935 2034 ‘quae
966 1957 1093 2016 tenetur
1115 1950 1257 2016 Pictavis
1286 1971 1343 2035 pro
1374 1969 1505 2015 munere
1529 1951 1745 2016 conservata'.
1792 1951 1880 2016 Haeo
1902 1950 2040 2034 quidem
2090 2015 2091 2020 ,

399 2072 509 2158 pen‘it,
545 2070 603 2136 sed
631 2070 735 2135 altera
763 2077 886 2152 exstat,
919 2071 953 2135 in
983 2070 1146 2136 codicibus
1176 2071 1297 2137 libellis
1320 2069 1496 2135 Fortunati
1515 2069 1698 2150 subiuncta,
1733 2091 1829 2153 quam
1858 2070 1935 2153 quin
1962 2071 2040 2155 ipse

401 2192 555 2279 opusculo
585 2211 643 2256 suo
673 2190 843 2271 adiecerit,
879 2191 1011 2256 dubium
1041 2212 1105 2256 non
1128 2195 1222 2274 estet.
1270 2191 1401 2257 Praeter
1424 2190 1553 2256 fabulas
1576 2191 1769 2256 Fortunatus
1791 2190 1870 2256 nibil
1893 2191 1971 2256 novi
1996 2189 2041 2257 de

401 2315 435 2379 S.
461 2312 585 2378 Hilario
617 2311 790 2377 memoriae
823 2310 974 2390 tradidit;
1012 2312 1161 2397 operibus
1195 2312 1279 2392 eius,
1317 2331 1401 2395 qnae
1434 2310 1587 2376 historiae
1621 2310 1860 2376 ecclesiasticae
1894 2310 2040 2376 fructum

400 2454 552 2519 magnum
576 2433 690 2512 ierunt,
720 2430 860 2496 studium
883 2433 1007 2497 nullum
1030 2431 1171 2511 navavit,
1199 2452 1239 2497 ne
1263 2451 1334 2498 eam
1358 2431 1486 2514 quidem
1510 2451 1606 2514 quam
1629 2432 1856 2515 Hieronymus,
1882 2429 1931 2496 De
1956 2431 2040 2496 viris

399 2557 447 2623 ill.
474 2576 501 2621 c.
531 2557 590 2618 100
625 2552 731 2617 Vitam
760 2551 876 2617 Hilarii
907 2553 1035 2637 scripsit
1063 2553 1192 2618 novisse
1220 2552 1358 2618 videtur.
1406 2553 1519 2634 Itaque
1552 2572 1634 2634 quae
1665 2558 1771 2617 exstat
1804 2551 1878 2616 Vita
1908 2570 1926 2615 e
1959 2551 2042 2616 Sul-

400 2677 503 2762 picio,
537 2673 681 2759 epistolis
703 2672 786 2738 fictis
809 2671 992 2756 fabulisque
1015 2672 1236 2739 consarcinata
1259 2672 1391 2738 multum
1415 2673 1508 2738 abest
1531 2674 1608 2755 quin
1630 2671 1797 2737 Fortunati
1819 2670 1950 2736 laudem
1976 2691 2041 2736 ex-

399 2798 511 2864 tollere
533 2794 645 2881 possit.

486 2917 582 2983 Liber
604 2915 645 2981 de
668 2914 849 2995 virtutibus,
875 2914 931 2997 qni
953 2913 987 2979 in
1010 2914 1174 2980 codicibus
1197 2913 1303 2979 Vitam
1327 2913 1481 2997 sequitur,
1511 2919 1625 2998 poetae
1649 2931 1721 2978 esse
1744 2932 1809 2978 nna
1832 2911 1899 2977 iere
1923 2911 2038 2996 opinio
2112 2988 2116 2994 ¹

399 3047 457 3108 est.
505 3038 677 3119 Prologum
707 3035 763 3119 qui
791 3034 957 3120 praecedit
977 3035 1172 3100 Fortunatus
1201 3033 1316 3100 iterum
1339 3033 1510 3100 Pascentio
1537 3052 1643 3117 papae
1667 3032 1889 3116 ecclesiaeque
1917 3032 2041 3114 (Picta.-

390 3160 515 3228 viensis
550 3158 633 3241 scil.)
668 3156 903 3222 habitatoribus
931 3155 1061 3221 dicavit.
1116 3156 1153 3220 In
1184 3175 1247 3238 qno
1276 3154 1350 3220 libri
1380 3154 1494 3238 prioris
1523 3152 1653 3237 quidem
1684 3151 1877 3218 mentionem
1909 3153 2040 3242 nullam

394 3283 482 3364 iecit,
518 3299 577 3346 nec
608 3297 687 3344 sane
717 3277 824 3342 facere
853 3275 970 3360 potuit,
1004 3296 1076 3341 cnm
1100 3275 1140 3341 de
1162 3295 1196 3342 re
1219 3295 1349 3360 prorsus
1372 3275 1439 3340 alia
1462 3281 1623 3358 ageretur.
1671 3273 1756 3338 Nam
1778 3273 1811 3338 in
1834 3273 1916 3338 libro
1940 3274 2039 3340 Vitae

399 3404 455 3470 ‘de
478 3401 613 3469 actibus’
638 3399 672 3464 S.
696 3395 812 3463 Hilarii
835 3396 973 3481 scripsit,
999 3395 1229 3481 in'posteriore
1256 3399 1353 3480 ‘quae
1376 3396 1539 3481 praesenti
1562 3401 1704 3479 tempore
1727 3393 1883 3459 miracula
1906 3393 2047 3484 miseri-¹

394 3545 464 3593 cors
486 3519 635 3609 praebuit
657 3518 779 3605 cupivit
800 3517 958 3602 indigenti
980 3517 1153 3583 memon'ae
1168 3536 1232 3583 non
1244 3516 1421 3582 iraudarc’.
1462 3516 1602 3600 Vterque
1619 3514 1747 3599 quidem
1763 3514 1845 3579 liber
1860 3512 1902 3580 de
1917 3513 2036 3580 eodem

395 3648 428 3712 S.
447 3644 572 3711 Hilario
595 3640 793 3725 conscriptus
816 3645 876 3721 est,
903 3637 961 3704 sed
984 3639 1066 3704 alter
1088 3657 1141 3704 res
1163 3657 1249 3705 saec.
1269 3638 1324 3716 IV,
1351 3637 1432 3704 alter
1455 3655 1540 3702 saec.
1560 3635 1604 3700 VI
1627 3642 1738 3719 gestas
1760 3634 1912 3700 continet.
1963 3635 2035 3700 Ita-

394 3787 456 3852 que
479 3763 565 3849 quod
588 3762 760 3847 scriptores
783 3759 857 3826 hist.
881 3759 943 3825 litt.
961 3759 1076 3824 Franc.
1095 3758 1120 3840 Ι,
1142 3761 1216 3840 301,
1232 3757 1359 3824 librum
1383 3757 1477 3824 Vitae
1500 3764 1670 3841 propterea
1691 3775 1711 3840 a
1734 3753 1892 3820 Venantio
1915 3755 2036 3820 Fortu-

393 3855 468 3953 nato
490 3882 767 3964 abiudicaverunt,
793 3879 879 3964 quod
902 3879 971 3945 eius
993 3879 1027 3946 in
1042 3879 1206 3946 Miracnlis
1229 3879 1311 3944 ratio
1334 3878 1426 3945 nulla
1448 3878 1559 3944 habita
1582 3877 1634 3956 sit,
1662 3883 1747 3958 stare
1763 3873 1893 3940 minime
1909 3881 2030 3960 potest.

394 4009 475 4074 Cum
496 4003 749 4070 vetustissimam
772 4001 857 4085 quod
879 4001 1074 4067 Fortunatus
1097 3999 1206 4073 retulit
1227 3999 1418 4072 miraculum
1441 3996 1659 4081 (iblodovechi
1681 3995 2030 4084 temporecontigerit,

400 4125 593 4215 ‘praesentis
615 4121 780 4208 temporis’
804 4121 923 4188 limites
946 4121 1055 4205 aliquo
1078 4120 1172 4186 modo
1194 4128 1418 4203 transgressus
1441 4125 1500 4184 est.

480 4245 626 4312 Eandem
649 4263 716 4309 rem
740 4263 780 4308 er
803 4241 863 4308 hoc
887 4243 979 4322 libro
992 4240 1168 4326 Gregorius
1183 4240 1390 4338 Turonensis,
1418 4239 1458 4303 H.
1476 4239 1530 4303 Fr.
1549 4237 1592 4317 ll,
1613 4240 1651 4301 37
1677 4235 1868 4321 repetivisse
1888 4235 2030 4317 videtur,

394 4369 448 4455 qni
471 4367 568 4434 ebam
590 4364 624 4430 in
639 4364 737 4458 ‚Glon
763 4363 855 4430 Conf.
882 4384 910 4429 c.
937 4343 1158 4428 tlibrumde
1181 4345 1353 4426 virtutibus
1377 4358 1541 4432 laudavit:
1574 4357 1622 4420 dd
1645 4360 1743 4438 cuins,
1768 4353 1880 4437 inquit,
1909 4357 2033 4420 beatum

394 4489 587 4574 sepulchrum
610 4488 723 4550 rnnltoe
745 4487 863 4570 qreidern
887 4488 1014 4548 uirtutes
1037 4492 1174 4546 ostensae
1196 4491 1385 4559 narrantur,
1411 4500 1488 4564 qeeus
1512 4469 1588 4542 liber
1606 4480 1687 4540 vitoe
1703 4473 1768 4539 eius
1784 4479 1926 4540 contenet.
1971 4479 2034 4540 Sed

394 4619 495 4676 temen
525 4610 584 4672 dno
615 4609 729 4690 leprosi
758 4609 789 4669 in
813 4607 912 4668 eodem
936 4606 997 4668 loco
1021 4605 1162 4667 metridati
1183 4612 1255 4667 slent
1290 4601 1490 4683 (Fortunatus
1513 4618 1542 4663 e.
1569 4598 1638 4681 IV).
1693 4596 1809 4660 Mirum
1840 4603 1903 4677 est,
1943 4596 2032 4680 quod

395 4732 520 4810 librum,
547 4748 642 4812 quem
665 4726 788 4792 amicus
811 4725 999 4810 composuit,
1026 4725 1094 4790 sine
1117 4724 1256 4789 auctoris
1279 4721 1408 4787 nomine
1427 4719 1604 4803 adlegavit,
1632 4716 1690 4783 sed
1706 4715 1816 4802 procul
1832 4714 1929 4782 dubio
1946 4716 2032 4784 Gre-

293 4885 295 4889 ’
327 4887 345 4896 -
393 4851 475 4938 gorii
503 4847 730 4934 neglegentiae
752 4846 830 4912 vitio
853 4844 995 4910 dandum
1019 4852 1083 4925 est,
1118 4843 1306 4929 praesertim
1330 4862 1402 4908 oum
1424 4841 1540 4907 librum
1568 4839 1682 4904 ‘uma’
1707 4835 1903 4917 laudaverit,
1938 4837 2033 4904 illurn

397 4973 453 5039 ‘de
476 4969 660 5036 virtutibus'
683 4966 888 5033 intellexerit.

482 5091 666 5157 Sermonem
690 5094 860 5173 postquam
884 5086 1071 5167 Bollandus,
1097 5087 1167 5151 AA.
1193 5084 1252 5151 SS.
1278 5085 1348 5150 Ian.
1374 5082 1399 5162 I,
1427 5102 1460 5165 p.
1486 5082 1560 5162 785,
1594 5080 1778 5144 Brovverum
1802 5083 1950 5160 secutus,
1982 5079 2032 5145 di·

394 5234 522 5281 versum
546 5231 565 5276 a
587 5208 751 5274 Miracnlis
773 5207 807 5273 in
830 5207 904 5272 Vita
927 5205 1179 5292 deprehendisse
1203 5205 1264 5270 sibi
1286 5204 1376 5270 visus
1399 5210 1458 5284 est,
1485 5221 1548 5266 non
1571 5199 1754 5288 defuerunt,
1780 5197 1834 5282 qui
1853 5197 1916 5263 hoo
1932 5219 2036 5284 argu-

394 5341 501 5402 mento
529 5331 716 5398 niterentur.
764 5328 796 5392 Is
824 5327 952 5412 quidem
977 5326 1088 5393 statuit
1109 5327 1316 5392 Fortunatam
1341 5331 1467 5408 poetam
1491 5320 1597 5386 Vitam
1620 5340 1640 5385 a
1663 5319 1751 5385 Iusto
1774 5317 1914 5401 quodam
1938 5339 2035 5404 pres-

481 5596 507 5658 4)
526 5595 578 5644 Alli
596 5594 763 5642 Fortunatam
782 5593 864 5653 ipsum
885 5589 1016 5652 epistolam
1036 5590 1142 5638 tinxisse
1160 5588 1351 5648 contenderunt,
1372 5590 1402 5634 ut
1420 5583 1548 5644 Gillotins,
1572 5581 1709 5656 Scultetns.
