<?xml version="1.0" encoding="UTF-8"?>
<!DOCTYPE html PUBLIC "-//W3C//DTD XHTML 1.0 Transitional//EN"
    "http://www.w3.org/TR/xhtml1/DTD/xhtml1-transitional.dtd">
<html xmlns="http://www.w3.org/1999/xhtml" xml:lang="en" lang="en">
 <head>
  <title>
</title>
<meta http-equiv="Content-Type" content="text/html;charset=utf-8" />
  <meta name='ocr-system' content='tesseract 3.04.00' />
  <meta name='ocr-capabilities' content='ocr_page ocr_carea ocr_par ocr_line ocrx_word'/>
</head>
<body>
  <div class='ocr_page' id='page_1' title='image "./monumentagerman00mittgoog_0504.png"; bbox 0 0 4456 6202; ppageno 0'>
   <div class='ocr_carea' id='block_1_1' title="bbox 853 321 1884 388">
    <p class='ocr_par' dir='ltr' id='par_1_1' title="bbox 853 321 1884 388">
     <span class='ocr_line' id='line_1_1' title="bbox 853 321 1884 388; baseline -0.005 -10"><span class='ocrx_word' id='word_1_1' title='bbox 853 321 947 380; x_wconf 80' lang='lat' dir='ltr'><strong>vrrs</strong></span> <span class='ocrx_word' id='word_1_2' title='bbox 966 321 1103 381; x_wconf 78' lang='lat' dir='ltr'><strong>sancus</strong></span> <span class='ocrx_word' id='word_1_3' title='bbox 1122 321 1279 380; x_wconf 79' lang='lat' dir='ltr'><strong>suasu.</strong></span> <span class='ocrx_word' id='word_1_4' title='bbox 1864 327 1884 388; x_wconf 76' lang='lat'>5</span> 
     </span>
    </p>
   </div>
   <div class='ocr_carea' id='block_1_2' title="bbox 197 512 1973 3921">
    <p class='ocr_par' dir='ltr' id='par_1_2' title="bbox 246 512 1880 706">
     <span class='ocr_line' id='line_1_2' title="bbox 246 512 1880 600; baseline 0 -20"><span class='ocrx_word' id='word_1_5' title='bbox 246 515 364 600; x_wconf 82' lang='lat' dir='ltr'>reliqui</span> <span class='ocrx_word' id='word_1_6' title='bbox 392 514 555 600; x_wconf 83' lang='lat' dir='ltr'><strong>perirent‘i</strong></span> <span class='ocrx_word' id='word_1_7' title='bbox 597 514 701 597; x_wconf 79' lang='lat' dir='ltr'><strong>Igitur</strong></span> <span class='ocrx_word' id='word_1_8' title='bbox 731 512 965 580; x_wconf 80' lang='lat' dir='ltr'><strong>sanctissimam</strong></span> <span class='ocrx_word' id='word_1_9' title='bbox 995 513 1136 580; x_wconf 89' lang='lat' dir='ltr'><strong>animam</strong></span> <span class='ocrx_word' id='word_1_10' title='bbox 1166 513 1227 582; x_wconf 90' lang='lat' dir='ltr'><strong>etsi</strong></span> <span class='ocrx_word' id='word_1_11' title='bbox 1254 512 1384 597; x_wconf 82' lang='lat' dir='ltr'><strong>gladius</strong></span> <span class='ocrx_word' id='word_1_12' title='bbox 1414 512 1628 598; x_wconf 86' lang='lat' dir='ltr'><strong>persecutoris</strong></span> <span class='ocrx_word' id='word_1_13' title='bbox 1649 533 1715 582; x_wconf 91' lang='lat' dir='ltr'><strong>non</strong></span> <span class='ocrx_word' id='word_1_14' title='bbox 1738 513 1880 594; x_wconf 90' lang='lat' dir='ltr'><strong>abstulit,</strong></span> 
     </span>
     <span class='ocr_line' id='line_1_3' title="bbox 248 617 920 706; baseline -0.004 -21"><span class='ocrx_word' id='word_1_15' title='bbox 248 620 391 706; x_wconf 90' lang='lat' dir='ltr'><strong>palmam</strong></span> <span class='ocrx_word' id='word_1_16' title='bbox 412 625 521 684; x_wconf 89' lang='lat' dir='ltr'><strong>tamen</strong></span> <span class='ocrx_word' id='word_1_17' title='bbox 543 617 694 703; x_wconf 87' lang='lat' dir='ltr'><strong>martyris</strong></span> <span class='ocrx_word' id='word_1_18' title='bbox 716 637 780 683; x_wconf 92' lang='lat' dir='ltr'><strong>non</strong></span> <span class='ocrx_word' id='word_1_19' title='bbox 802 617 920 684; x_wconf 91' lang='lat' dir='ltr'><strong>amisit.</strong></span> 
     </span>
    </p>

    <p class='ocr_par' dir='ltr' id='par_1_3' title="bbox 248 719 1954 910">
     <span class='ocr_line' id='line_1_4' title="bbox 341 719 1954 806; baseline -0.002 -18"><span class='ocrx_word' id='word_1_20' title='bbox 341 725 401 806; x_wconf 93' lang='grc'>(33)</span> <span class='ocrx_word' id='word_1_21' title='bbox 428 722 541 806; x_wconf 88' lang='lat' dir='ltr'><strong>Itaque</strong></span> <span class='ocrx_word' id='word_1_22' title='bbox 571 721 648 787; x_wconf 91' lang='lat' dir='ltr'><strong>dum</strong></span> <span class='ocrx_word' id='word_1_23' title='bbox 670 721 894 806; x_wconf 80' lang='lat' dir='ltr'><strong>regrederetur</strong></span> <span class='ocrx_word' id='word_1_24' title='bbox 916 721 959 787; x_wconf 92' lang='lat' dir='ltr'><strong>ad</strong></span> <span class='ocrx_word' id='word_1_25' title='bbox 981 720 1127 805; x_wconf 93' lang='lat' dir='ltr'><strong>propria,</strong></span> <span class='ocrx_word' id='word_1_26' title='bbox 1160 726 1236 786; x_wconf 92' lang='lat' dir='ltr'><strong>tuuc</strong></span> <span class='ocrx_word' id='word_1_27' title='bbox 1257 721 1373 786; x_wconf 88' lang='lat' dir='ltr'><strong>beatus</strong></span> <span class='ocrx_word' id='word_1_28' title='bbox 1395 719 1552 787; x_wconf 89' lang='lat' dir='ltr'><strong>llartinus</strong></span> <span class='ocrx_word' id='word_1_29' title='bbox 1573 741 1677 804; x_wconf 90' lang='lat' dir='ltr'><strong>aeque</strong></span> <span class='ocrx_word' id='word_1_30' title='bbox 1699 721 1884 790; x_wconf 84' lang='lat' dir='ltr'><strong>meritorum</strong></span> <span class='ocrx_word' id='word_1_31' title='bbox 1906 719 1954 784; x_wconf 85' lang='lat' dir='ltr'><strong>IX</strong></span> 
     </span>
     <span class='ocr_line' id='line_1_5' title="bbox 248 823 1885 910; baseline -0.002 -19"><span class='ocrx_word' id='word_1_32' title='bbox 248 827 357 892; x_wconf 91' lang='lat' dir='ltr'><strong>lumen</strong></span> <span class='ocrx_word' id='word_1_33' title='bbox 380 846 443 893; x_wconf 92' lang='lat' dir='ltr'><strong>uon</strong></span> <span class='ocrx_word' id='word_1_34' title='bbox 465 826 675 908; x_wconf 88' lang='lat' dir='ltr'><strong>absconsum,</strong></span> <span class='ocrx_word' id='word_1_35' title='bbox 709 825 763 908; x_wconf 91' lang='lat' dir='ltr'><strong>qui</strong></span> <span class='ocrx_word' id='word_1_36' title='bbox 786 825 827 890; x_wconf 92' lang='lat' dir='ltr'><strong>ab</strong></span> <span class='ocrx_word' id='word_1_37' title='bbox 850 823 973 889; x_wconf 83' lang='lat' dir='ltr'><strong>Hilario</strong></span> <span class='ocrx_word' id='word_1_38' title='bbox 996 824 1155 890; x_wconf 78' lang='lat' dir='ltr'><strong>exorcista</strong></span> <span class='ocrx_word' id='word_1_39' title='bbox 1178 829 1228 890; x_wconf 87' lang='lat' dir='ltr'><strong>est</strong></span> <span class='ocrx_word' id='word_1_40' title='bbox 1247 831 1361 909; x_wconf 89' lang='lat' dir='ltr'><strong>postea</strong></span> <span class='ocrx_word' id='word_1_41' title='bbox 1381 823 1564 907; x_wconf 89' lang='lat' dir='ltr'><strong>institutus,</strong></span> <span class='ocrx_word' id='word_1_42' title='bbox 1592 823 1720 910; x_wconf 83' lang='lat' dir='ltr'><strong>cognito</strong></span> <span class='ocrx_word' id='word_1_43' title='bbox 1741 823 1885 890; x_wconf 87' lang='lat' dir='ltr'><strong>adventu</strong></span> 
     </span>
    </p>

    <p class='ocr_par' dir='ltr' id='par_1_4' title="bbox 216 926 1886 1432">
     <span class='ocr_line' id='line_1_6' title="bbox 216 926 1886 1014; baseline 0.001 -22"><span class='ocrx_word' id='word_1_44' title='bbox 216 931 337 1014; x_wconf 78' lang='lat' dir='ltr'><strong>scius,</strong></span> <span class='ocrx_word' id='word_1_45' title='bbox 370 931 503 996; x_wconf 85' lang='lat' dir='ltr'><strong>Romam</strong></span> <span class='ocrx_word' id='word_1_46' title='bbox 530 929 721 997; x_wconf 81' lang='lat' dir='ltr'><strong>festinanter</strong></span> <span class='ocrx_word' id='word_1_47' title='bbox 744 928 890 994; x_wconf 89' lang='lat' dir='ltr'><strong>occurrit.</strong></span> <span class='ocrx_word' id='word_1_48' title='bbox 937 927 1040 1005; x_wconf 83' lang='lat' dir='ltr'><strong>Quem</strong></span> <span class='ocrx_word' id='word_1_49' title='bbox 1063 947 1135 994; x_wconf 89' lang='lat' dir='ltr'><strong>oum</strong></span> <span class='ocrx_word' id='word_1_50' title='bbox 1158 928 1355 1013; x_wconf 88' lang='lat' dir='ltr'><strong>praeterisse</strong></span> <span class='ocrx_word' id='word_1_51' title='bbox 1378 933 1586 1014; x_wconf 84' lang='lat' dir='ltr'><strong>cognosceret</strong></span> <span class='ocrx_word' id='word_1_52' title='bbox 1608 935 1657 994; x_wconf 91' lang='lat' dir='ltr'><strong>cst</strong></span> <span class='ocrx_word' id='word_1_53' title='bbox 1679 947 1782 1011; x_wconf 88' lang='lat' dir='ltr'><strong>usquc</strong></span> <span class='ocrx_word' id='word_1_54' title='bbox 1805 926 1886 993; x_wconf 85' lang='lat' dir='ltr'><strong>Gal-</strong></span> 
     </span>
     <span class='ocr_line' id='line_1_7' title="bbox 249 1030 1885 1116; baseline -0.002 -15"><span class='ocrx_word' id='word_1_55' title='bbox 249 1035 310 1101; x_wconf 90' lang='lat' dir='ltr'><strong>lias</strong></span> <span class='ocrx_word' id='word_1_56' title='bbox 334 1040 535 1101; x_wconf 88' lang='lat' dir='ltr'><strong>consecutus.</strong></span> <span class='ocrx_word' id='word_1_57' title='bbox 589 1032 650 1114; x_wconf 93' lang='grc'>(34)</span> <span class='ocrx_word' id='word_1_58' title='bbox 677 1032 790 1114; x_wconf 86' lang='lat' dir='ltr'><strong>Neque</strong></span> <span class='ocrx_word' id='word_1_59' title='bbox 814 1031 898 1098; x_wconf 91' lang='lat' dir='ltr'><strong>cuim</strong></span> <span class='ocrx_word' id='word_1_60' title='bbox 914 1031 1082 1114; x_wconf 88' lang='lat' dir='ltr'><strong>Martinus,</strong></span> <span class='ocrx_word' id='word_1_61' title='bbox 1107 1031 1163 1115; x_wconf 93' lang='lat' dir='ltr'><strong>qui</strong></span> <span class='ocrx_word' id='word_1_62' title='bbox 1182 1031 1287 1098; x_wconf 92' lang='lat' dir='ltr'><strong>adhuc</strong></span> <span class='ocrx_word' id='word_1_63' title='bbox 1302 1030 1543 1098; x_wconf 86' lang='lat' dir='ltr'><strong>cathecuminus</strong></span> <span class='ocrx_word' id='word_1_64' title='bbox 1559 1030 1721 1099; x_wconf 78' lang='lat' dir='ltr'><strong>Christum</strong></span> <span class='ocrx_word' id='word_1_65' title='bbox 1736 1031 1885 1116; x_wconf 82' lang='lat' dir='ltr'><strong>clamyde</strong></span> 
     </span>
     <span class='ocr_line' id='line_1_8' title="bbox 247 1134 1885 1221; baseline -0.004 -16"><span class='ocrx_word' id='word_1_66' title='bbox 247 1157 307 1205; x_wconf 91' lang='lat' dir='ltr'><strong>sua</strong></span> <span class='ocrx_word' id='word_1_67' title='bbox 328 1145 448 1204; x_wconf 89' lang='lat' dir='ltr'><strong>tectum</strong></span> <span class='ocrx_word' id='word_1_68' title='bbox 470 1136 580 1202; x_wconf 86' lang='lat' dir='ltr'><strong>videre</strong></span> <span class='ocrx_word' id='word_1_69' title='bbox 604 1135 735 1218; x_wconf 89' lang='lat' dir='ltr'><strong>meruit,</strong></span> <span class='ocrx_word' id='word_1_70' title='bbox 761 1134 811 1199; x_wconf 92' lang='lat' dir='ltr'><strong>illi</strong></span> <span class='ocrx_word' id='word_1_71' title='bbox 833 1134 969 1201; x_wconf 90' lang='lat' dir='ltr'><strong>devotus</strong></span> <span class='ocrx_word' id='word_1_72' title='bbox 991 1142 1189 1217; x_wconf 89' lang='lat' dir='ltr'><strong>occurreret,</strong></span> <span class='ocrx_word' id='word_1_73' title='bbox 1215 1134 1279 1200; x_wconf 91' lang='lat' dir='ltr'><strong>uisi</strong></span> <span class='ocrx_word' id='word_1_74' title='bbox 1300 1156 1359 1221; x_wconf 91' lang='lat' dir='ltr'><strong>per</strong></span> <span class='ocrx_word' id='word_1_75' title='bbox 1381 1134 1488 1200; x_wconf 90' lang='lat' dir='ltr'><strong>omnia</strong></span> <span class='ocrx_word' id='word_1_76' title='bbox 1510 1135 1676 1220; x_wconf 87' lang='lat' dir='ltr'><strong>mysteriis</strong></span> <span class='ocrx_word' id='word_1_77' title='bbox 1697 1136 1829 1220; x_wconf 91' lang='lat' dir='ltr'><strong>plenum</strong></span> <span class='ocrx_word' id='word_1_78' title='bbox 1852 1134 1885 1199; x_wconf 94' lang='lat' dir='ltr'><strong>in</strong></span> 
     </span>
     <span class='ocr_line' id='line_1_9' title="bbox 246 1238 1885 1327; baseline -0.001 -20"><span class='ocrx_word' id='word_1_79' title='bbox 246 1262 285 1308; x_wconf 90' lang='lat' dir='ltr'><strong>eo</strong></span> <span class='ocrx_word' id='word_1_80' title='bbox 309 1241 454 1327; x_wconf 90' lang='lat' dir='ltr'><strong>spiritum</strong></span> <span class='ocrx_word' id='word_1_81' title='bbox 477 1238 706 1325; x_wconf 88' lang='lat' dir='ltr'><strong>praevidisset.</strong></span> <span class='ocrx_word' id='word_1_82' title='bbox 753 1239 823 1304; x_wconf 88' lang='lat' dir='ltr'><strong>Nec</strong></span> <span class='ocrx_word' id='word_1_83' title='bbox 845 1238 958 1304; x_wconf 90' lang='lat' dir='ltr'><strong>mirum</strong></span> <span class='ocrx_word' id='word_1_84' title='bbox 983 1238 1011 1304; x_wconf 94' lang='lat' dir='ltr'><strong>si</strong></span> <span class='ocrx_word' id='word_1_85' title='bbox 1032 1238 1089 1306; x_wconf 92' lang='lat' dir='ltr'><strong>ille</strong></span> <span class='ocrx_word' id='word_1_86' title='bbox 1112 1239 1168 1322; x_wconf 92' lang='lat' dir='ltr'><strong>qui</strong></span> <span class='ocrx_word' id='word_1_87' title='bbox 1190 1239 1289 1305; x_wconf 91' lang='lat' dir='ltr'><strong>dcum</strong></span> <span class='ocrx_word' id='word_1_88' title='bbox 1311 1239 1402 1324; x_wconf 90' lang='lat' dir='ltr'><strong>prius</strong></span> <span class='ocrx_word' id='word_1_89' title='bbox 1425 1238 1505 1306; x_wconf 87' lang='lat' dir='ltr'><strong>vidit</strong></span> <span class='ocrx_word' id='word_1_90' title='bbox 1527 1238 1561 1306; x_wconf 90' lang='lat' dir='ltr'><strong>iu</strong></span> <span class='ocrx_word' id='word_1_91' title='bbox 1582 1260 1742 1326; x_wconf 87' lang='lat' dir='ltr'><strong>paupere,</strong></span> <span class='ocrx_word' id='word_1_92' title='bbox 1773 1245 1885 1325; x_wconf 89' lang='lat' dir='ltr'><strong>postea</strong></span> 
     </span>
     <span class='ocr_line' id='line_1_10' title="bbox 246 1341 971 1432; baseline -0.006 -21"><span class='ocrx_word' id='word_1_93' title='bbox 246 1346 353 1432; x_wconf 90' lang='lat' dir='ltr'><strong>ipsum</strong></span> <span class='ocrx_word' id='word_1_94' title='bbox 376 1343 522 1410; x_wconf 86' lang='lat' dir='ltr'><strong>babitare</strong></span> <span class='ocrx_word' id='word_1_95' title='bbox 545 1348 752 1426; x_wconf 84' lang='lat' dir='ltr'><strong>cognosceret</strong></span> <span class='ocrx_word' id='word_1_96' title='bbox 774 1341 807 1407; x_wconf 93' lang='lat' dir='ltr'><strong>in</strong></span> <span class='ocrx_word' id='word_1_97' title='bbox 831 1341 971 1409; x_wconf 87' lang='lat' dir='ltr'><strong>doctore.</strong></span> 
     </span>
    </p>

    <p class='ocr_par' dir='ltr' id='par_1_5' title="bbox 197 1445 1936 1949">
     <span class='ocr_line' id='line_1_11' title="bbox 197 1445 1936 1532; baseline 0.001 -22"><span class='ocrx_word' id='word_1_98' title='bbox 197 1470 227 1510; x_wconf 82' lang='lat' dir='ltr'><strong>io</strong></span> <span class='ocrx_word' id='word_1_99' title='bbox 337 1451 398 1532; x_wconf 82' lang='lat'>(35)</span> <span class='ocrx_word' id='word_1_100' title='bbox 425 1447 512 1513; x_wconf 91' lang='lat' dir='ltr'><strong>Illud</strong></span> <span class='ocrx_word' id='word_1_101' title='bbox 539 1447 635 1513; x_wconf 91' lang='lat' dir='ltr'><strong>etiam</strong></span> <span class='ocrx_word' id='word_1_102' title='bbox 665 1445 758 1512; x_wconf 89' lang='lat' dir='ltr'><strong>nobis</strong></span> <span class='ocrx_word' id='word_1_103' title='bbox 781 1465 845 1512; x_wconf 92' lang='lat' dir='ltr'><strong>non</strong></span> <span class='ocrx_word' id='word_1_104' title='bbox 868 1445 1016 1512; x_wconf 86' lang='lat' dir='ltr'><strong>convenit</strong></span> <span class='ocrx_word' id='word_1_105' title='bbox 1038 1452 1104 1512; x_wconf 91' lang='lat' dir='ltr'><strong>tam</strong></span> <span class='ocrx_word' id='word_1_106' title='bbox 1126 1446 1234 1513; x_wconf 88' lang='lat' dir='ltr'><strong>nobile</strong></span> <span class='ocrx_word' id='word_1_107' title='bbox 1256 1445 1432 1531; x_wconf 87' lang='lat' dir='ltr'><strong>praeterire</strong></span> <span class='ocrx_word' id='word_1_108' title='bbox 1455 1445 1655 1512; x_wconf 87' lang='lat' dir='ltr'><strong>miraculum.</strong></span> <span class='ocrx_word' id='word_1_109' title='bbox 1702 1447 1882 1513; x_wconf 83' lang='lat' dir='ltr'><strong>Nemeum</strong></span> <span class='ocrx_word' id='word_1_110' title='bbox 1904 1448 1936 1512; x_wconf 88' lang='lat' dir='ltr'>X</span> 
     </span>
     <span class='ocr_line' id='line_1_12' title="bbox 246 1549 1885 1634; baseline -0.002 -15"><span class='ocrx_word' id='word_1_111' title='bbox 246 1553 332 1620; x_wconf 87' lang='lat' dir='ltr'><strong>circa</strong></span> <span class='ocrx_word' id='word_1_112' title='bbox 354 1551 567 1618; x_wconf 83' lang='lat' dir='ltr'><strong>Gallinariam</strong></span> <span class='ocrx_word' id='word_1_113' title='bbox 595 1549 736 1616; x_wconf 91' lang='lat' dir='ltr'><strong>insulam</strong></span> <span class='ocrx_word' id='word_1_114' title='bbox 766 1549 1011 1634; x_wconf 87' lang='lat' dir='ltr'><strong>propinquaret,</strong></span> <span class='ocrx_word' id='word_1_115' title='bbox 1045 1551 1201 1617; x_wconf 90' lang='lat' dir='ltr'><strong>relatione</strong></span> <span class='ocrx_word' id='word_1_116' title='bbox 1230 1549 1406 1616; x_wconf 86' lang='lat' dir='ltr'><strong>vicinorum</strong></span> <span class='ocrx_word' id='word_1_117' title='bbox 1436 1551 1569 1634; x_wconf 83' lang='lat' dir='ltr'><strong>agnovit</strong></span> <span class='ocrx_word' id='word_1_118' title='bbox 1595 1551 1717 1617; x_wconf 88' lang='lat' dir='ltr'><strong>ibidem</strong></span> <span class='ocrx_word' id='word_1_119' title='bbox 1739 1549 1885 1634; x_wconf 84' lang='lat' dir='ltr'><strong>ingentia</strong></span> 
     </span>
     <span class='ocr_line' id='line_1_13' title="bbox 247 1652 1886 1742; baseline -0.003 -18"><span class='ocrx_word' id='word_1_120' title='bbox 247 1656 443 1742; x_wconf 89' lang='lat' dir='ltr'><strong>serpentium</strong></span> <span class='ocrx_word' id='word_1_121' title='bbox 474 1653 638 1720; x_wconf 90' lang='lat' dir='ltr'><strong>volumina</strong></span> <span class='ocrx_word' id='word_1_122' title='bbox 668 1652 738 1719; x_wconf 90' lang='lat' dir='ltr'><strong>sine</strong></span> <span class='ocrx_word' id='word_1_123' title='bbox 761 1674 893 1719; x_wconf 90' lang='lat' dir='ltr'><strong>numero</strong></span> <span class='ocrx_word' id='word_1_124' title='bbox 916 1653 1102 1738; x_wconf 84' lang='lat' dir='ltr'><strong>pervagari,</strong></span> <span class='ocrx_word' id='word_1_125' title='bbox 1136 1661 1170 1720; x_wconf 89' lang='lat' dir='ltr'><strong>et</strong></span> <span class='ocrx_word' id='word_1_126' title='bbox 1190 1655 1230 1720; x_wconf 95' lang='lat' dir='ltr'><strong>ob</strong></span> <span class='ocrx_word' id='word_1_127' title='bbox 1253 1655 1313 1720; x_wconf 91' lang='lat' dir='ltr'><strong>hoc</strong></span> <span class='ocrx_word' id='word_1_128' title='bbox 1336 1655 1484 1739; x_wconf 84' lang='lat' dir='ltr'><strong>quamvis</strong></span> <span class='ocrx_word' id='word_1_129' title='bbox 1507 1655 1574 1721; x_wconf 88' lang='lat' dir='ltr'><strong>illis</strong></span> <span class='ocrx_word' id='word_1_130' title='bbox 1595 1655 1757 1722; x_wconf 87' lang='lat' dir='ltr'><strong>videretur</strong></span> <span class='ocrx_word' id='word_1_131' title='bbox 1778 1653 1886 1720; x_wconf 89' lang='lat' dir='ltr'><strong>vicina</strong></span> 
     </span>
     <span class='ocr_line' id='line_1_14' title="bbox 246 1756 1884 1846; baseline -0.002 -21"><span class='ocrx_word' id='word_1_132' title='bbox 246 1767 375 1846; x_wconf 85' lang='lat' dir='ltr'><strong>propter</strong></span> <span class='ocrx_word' id='word_1_133' title='bbox 396 1757 654 1826; x_wconf 89' lang='lat' dir='ltr'><strong>inaccessibilem</strong></span> <span class='ocrx_word' id='word_1_134' title='bbox 677 1757 782 1823; x_wconf 90' lang='lat' dir='ltr'><strong>locum</strong></span> <span class='ocrx_word' id='word_1_135' title='bbox 805 1756 933 1841; x_wconf 85' lang='lat' dir='ltr'><strong>longius</strong></span> <span class='ocrx_word' id='word_1_136' title='bbox 952 1756 1019 1824; x_wconf 93' lang='lat' dir='ltr'><strong>illis</strong></span> <span class='ocrx_word' id='word_1_137' title='bbox 1035 1758 1207 1824; x_wconf 87' lang='lat' dir='ltr'><strong>videbatur</strong></span> <span class='ocrx_word' id='word_1_138' title='bbox 1222 1778 1295 1825; x_wconf 90' lang='lat' dir='ltr'><strong>esse</strong></span> <span class='ocrx_word' id='word_1_139' title='bbox 1311 1779 1408 1844; x_wconf 92' lang='lat' dir='ltr'><strong>quam</strong></span> <span class='ocrx_word' id='word_1_140' title='bbox 1423 1758 1546 1825; x_wconf 82' lang='lat' dir='ltr'><strong>Africa.</strong></span> <span class='ocrx_word' id='word_1_141' title='bbox 1599 1760 1659 1842; x_wconf 90' lang='grc'>(36)</span> <span class='ocrx_word' id='word_1_142' title='bbox 1688 1759 1757 1838; x_wconf 84' lang='lat' dir='ltr'><strong>Quo</strong></span> <span class='ocrx_word' id='word_1_143' title='bbox 1773 1758 1884 1824; x_wconf 92' lang='lat' dir='ltr'><strong>audito</strong></span> 
     </span>
     <span class='ocr_line' id='line_1_15' title="bbox 246 1860 1884 1949; baseline -0.001 -17"><span class='ocrx_word' id='word_1_144' title='bbox 246 1865 295 1932; x_wconf 82' lang='lat' dir='ltr'><strong>vir</strong></span> <span class='ocrx_word' id='word_1_145' title='bbox 317 1864 371 1930; x_wconf 92' lang='lat' dir='ltr'><strong>dei</strong></span> <span class='ocrx_word' id='word_1_146' title='bbox 394 1863 536 1930; x_wconf 87' lang='lat' dir='ltr'><strong>sonticus</strong></span> <span class='ocrx_word' id='word_1_147' title='bbox 559 1861 620 1928; x_wconf 92' lang='lat' dir='ltr'><strong>sibi</strong></span> <span class='ocrx_word' id='word_1_148' title='bbox 643 1860 683 1927; x_wconf 93' lang='lat' dir='ltr'><strong>de</strong></span> <span class='ocrx_word' id='word_1_149' title='bbox 705 1861 835 1927; x_wconf 89' lang='lat' dir='ltr'><strong>bestiali</strong></span> <span class='ocrx_word' id='word_1_150' title='bbox 857 1881 969 1947; x_wconf 83' lang='lat' dir='ltr'><strong>pugna</strong></span> <span class='ocrx_word' id='word_1_151' title='bbox 990 1861 1102 1928; x_wconf 88' lang='lat' dir='ltr'><strong>vcnire</strong></span> <span class='ocrx_word' id='word_1_152' title='bbox 1125 1862 1305 1946; x_wconf 85' lang='lat' dir='ltr'><strong>victoriam,</strong></span> <span class='ocrx_word' id='word_1_153' title='bbox 1331 1863 1364 1928; x_wconf 96' lang='lat' dir='ltr'><strong>in</strong></span> <span class='ocrx_word' id='word_1_154' title='bbox 1383 1863 1513 1929; x_wconf 90' lang='lat' dir='ltr'><strong>nominc</strong></span> <span class='ocrx_word' id='word_1_155' title='bbox 1529 1862 1649 1930; x_wconf 92' lang='lat' dir='ltr'><strong>domini</strong></span> <span class='ocrx_word' id='word_1_156' title='bbox 1670 1862 1884 1949; x_wconf 80' lang='lat' dir='ltr'><strong>praecedente</strong></span> 
     </span>
    </p>

    <p class='ocr_par' dir='ltr' id='par_1_6' title="bbox 197 1963 1885 2468">
     <span class='ocr_line' id='line_1_16' title="bbox 197 1963 1884 2051; baseline 0.001 -22"><span class='ocrx_word' id='word_1_157' title='bbox 197 1989 227 2030; x_wconf 80' lang='lat' dir='ltr'><strong>rs</strong></span> <span class='ocrx_word' id='word_1_158' title='bbox 247 1969 351 2034; x_wconf 87' lang='lat' dir='ltr'><strong>crucis</strong></span> <span class='ocrx_word' id='word_1_159' title='bbox 379 1966 501 2033; x_wconf 85' lang='lat' dir='ltr'><strong>auxilio</strong></span> <span class='ocrx_word' id='word_1_160' title='bbox 532 1965 701 2032; x_wconf 89' lang='lat' dir='ltr'><strong>descendit</strong></span> <span class='ocrx_word' id='word_1_161' title='bbox 728 1963 763 2030; x_wconf 91' lang='lat' dir='ltr'><strong>in</strong></span> <span class='ocrx_word' id='word_1_162' title='bbox 792 1965 947 2031; x_wconf 91' lang='lat' dir='ltr'><strong>insulam:</strong></span> <span class='ocrx_word' id='word_1_163' title='bbox 982 1985 1021 2032; x_wconf 92' lang='lat' dir='ltr'><strong>eo</strong></span> <span class='ocrx_word' id='word_1_164' title='bbox 1051 1965 1122 2032; x_wconf 86' lang='lat' dir='ltr'><strong>riso</strong></span> <span class='ocrx_word' id='word_1_165' title='bbox 1154 1972 1319 2051; x_wconf 90' lang='lat' dir='ltr'><strong>serpentes</strong></span> <span class='ocrx_word' id='word_1_166' title='bbox 1341 1966 1375 2032; x_wconf 93' lang='lat' dir='ltr'><strong>in</strong></span> <span class='ocrx_word' id='word_1_167' title='bbox 1398 1967 1510 2050; x_wconf 83' lang='lat' dir='ltr'><strong>lugam</strong></span> <span class='ocrx_word' id='word_1_168' title='bbox 1533 1967 1676 2034; x_wconf 87' lang='lat' dir='ltr'><strong>conversi</strong></span> <span class='ocrx_word' id='word_1_169' title='bbox 1700 1973 1789 2049; x_wconf 90' lang='lat' dir='ltr'><strong>sunt,</strong></span> <span class='ocrx_word' id='word_1_170' title='bbox 1821 1986 1884 2032; x_wconf 95' lang='lat' dir='ltr'><strong>non</strong></span> 
     </span>
     <span class='ocr_line' id='line_1_17' title="bbox 246 2069 1884 2156; baseline -0.002 -17"><span class='ocrx_word' id='word_1_171' title='bbox 246 2072 420 2139; x_wconf 89' lang='lat' dir='ltr'><strong>tolerantes</strong></span> <span class='ocrx_word' id='word_1_172' title='bbox 444 2069 514 2137; x_wconf 90' lang='lat' dir='ltr'><strong>eius</strong></span> <span class='ocrx_word' id='word_1_173' title='bbox 536 2077 715 2154; x_wconf 91' lang='lat' dir='ltr'><strong>aspectum.</strong></span> <span class='ocrx_word' id='word_1_174' title='bbox 768 2071 828 2151; x_wconf 81' lang='grc'>(37)</span> <span class='ocrx_word' id='word_1_175' title='bbox 855 2070 947 2135; x_wconf 85' lang='grc' dir='ltr'>Τ444</span> <span class='ocrx_word' id='word_1_176' title='bbox 968 2069 1121 2136; x_wconf 89' lang='lat' dir='ltr'><strong>baculum</strong></span> <span class='ocrx_word' id='word_1_177' title='bbox 1142 2070 1247 2154; x_wconf 83' lang='lat' dir='ltr'><strong>figens</strong></span> <span class='ocrx_word' id='word_1_178' title='bbox 1269 2070 1303 2135; x_wconf 92' lang='lat' dir='ltr'><strong>in</strong></span> <span class='ocrx_word' id='word_1_179' title='bbox 1325 2076 1442 2136; x_wconf 89' lang='lat' dir='ltr'><strong>terram</strong></span> <span class='ocrx_word' id='word_1_180' title='bbox 1462 2072 1688 2156; x_wconf 89' lang='lat' dir='ltr'><strong>quasimetam</strong></span> <span class='ocrx_word' id='word_1_181' title='bbox 1705 2089 1884 2155; x_wconf 89' lang='lat' dir='ltr'><strong>quousque</strong></span> 
     </span>
     <span class='ocr_line' id='line_1_18' title="bbox 247 2171 1884 2258; baseline -0.002 -16"><span class='ocrx_word' id='word_1_182' title='bbox 247 2177 402 2242; x_wconf 88' lang='lat' dir='ltr'><strong>dcbcrcut</strong></span> <span class='ocrx_word' id='word_1_183' title='bbox 423 2193 594 2240; x_wconf 77' lang='lat' dir='ltr'><strong>cucumere</strong></span> <span class='ocrx_word' id='word_1_184' title='bbox 617 2172 743 2239; x_wconf 90' lang='lat' dir='ltr'><strong>virtutis</strong></span> <span class='ocrx_word' id='word_1_185' title='bbox 764 2171 908 2257; x_wconf 88' lang='lat' dir='ltr'><strong>potentia</strong></span> <span class='ocrx_word' id='word_1_186' title='bbox 932 2172 1133 2258; x_wconf 82' lang='lat' dir='ltr'><strong>designavit:</strong></span> <span class='ocrx_word' id='word_1_187' title='bbox 1166 2193 1227 2239; x_wconf 92' lang='lat' dir='ltr'><strong>uec</strong></span> <span class='ocrx_word' id='word_1_188' title='bbox 1249 2174 1388 2258; x_wconf 92' lang='lat' dir='ltr'><strong>amplius</strong></span> <span class='ocrx_word' id='word_1_189' title='bbox 1411 2179 1461 2240; x_wconf 89' lang='lat' dir='ltr'><strong>est</strong></span> <span class='ocrx_word' id='word_1_190' title='bbox 1482 2173 1549 2239; x_wconf 90' lang='lat' dir='ltr'><strong>illis</strong></span> <span class='ocrx_word' id='word_1_191' title='bbox 1572 2175 1706 2241; x_wconf 89' lang='lat' dir='ltr'><strong>libertas</strong></span> <span class='ocrx_word' id='word_1_192' title='bbox 1729 2192 1884 2258; x_wconf 89' lang='lat' dir='ltr'><strong>occupare</strong></span> 
     </span>
     <span class='ocr_line' id='line_1_19' title="bbox 247 2275 1884 2364; baseline -0.002 -19"><span class='ocrx_word' id='word_1_193' title='bbox 247 2279 333 2364; x_wconf 91' lang='lat' dir='ltr'><strong>quod</strong></span> <span class='ocrx_word' id='word_1_194' title='bbox 349 2278 466 2362; x_wconf 72' lang='lat' dir='ltr'><strong>vetuit,</strong></span> <span class='ocrx_word' id='word_1_195' title='bbox 492 2285 657 2360; x_wconf 91' lang='lat' dir='ltr'><strong>tamquam</strong></span> <span class='ocrx_word' id='word_1_196' title='bbox 679 2294 757 2362; x_wconf 89' lang='lat' dir='ltr'><strong>pars</strong></span> <span class='ocrx_word' id='word_1_197' title='bbox 779 2275 906 2342; x_wconf 90' lang='lat' dir='ltr'><strong>insulae</strong></span> <span class='ocrx_word' id='word_1_198' title='bbox 928 2296 991 2342; x_wconf 90' lang='lat' dir='ltr'><strong>nou</strong></span> <span class='ocrx_word' id='word_1_199' title='bbox 1015 2275 1056 2342; x_wconf 89' lang='lat' dir='ltr'><strong>sit</strong></span> <span class='ocrx_word' id='word_1_200' title='bbox 1078 2281 1164 2343; x_wconf 89' lang='lat' dir='ltr'><strong>terra</strong></span> <span class='ocrx_word' id='word_1_201' title='bbox 1187 2276 1246 2342; x_wconf 89' lang='lat' dir='ltr'><strong>sed</strong></span> <span class='ocrx_word' id='word_1_202' title='bbox 1267 2277 1417 2361; x_wconf 83' lang='lat' dir='ltr'><strong>pelagus.</strong></span> <span class='ocrx_word' id='word_1_203' title='bbox 1459 2276 1522 2356; x_wconf 84' lang='lat' dir='ltr'><strong>Qui</strong></span> <span class='ocrx_word' id='word_1_204' title='bbox 1544 2278 1621 2343; x_wconf 92' lang='lat' dir='ltr'><strong>dum</strong></span> <span class='ocrx_word' id='word_1_205' title='bbox 1645 2296 1772 2363; x_wconf 89' lang='lat' dir='ltr'><strong>scmpcr</strong></span> <span class='ocrx_word' id='word_1_206' title='bbox 1793 2276 1884 2342; x_wconf 92' lang='lat' dir='ltr'><strong>illam</strong></span> 
     </span>
     <span class='ocr_line' id='line_1_20' title="bbox 247 2379 1885 2468; baseline -0.002 -20"><span class='ocrx_word' id='word_1_207' title='bbox 247 2389 371 2468; x_wconf 91' lang='lat' dir='ltr'><strong>partem</strong></span> <span class='ocrx_word' id='word_1_208' title='bbox 394 2389 546 2449; x_wconf 85' lang='lat' dir='ltr'><strong>verentur</strong></span> <span class='ocrx_word' id='word_1_209' title='bbox 568 2381 738 2465; x_wconf 86' lang='lat' dir='ltr'><strong>attingere,</strong></span> <span class='ocrx_word' id='word_1_210' title='bbox 766 2380 895 2446; x_wconf 84' lang='lat' dir='ltr'><strong>facilius</strong></span> <span class='ocrx_word' id='word_1_211' title='bbox 917 2387 987 2447; x_wconf 91' lang='lat' dir='ltr'><strong>erat</strong></span> <span class='ocrx_word' id='word_1_212' title='bbox 1007 2379 1073 2446; x_wconf 91' lang='lat' dir='ltr'><strong>illis</strong></span> <span class='ocrx_word' id='word_1_213' title='bbox 1092 2401 1180 2448; x_wconf 88' lang='lat' dir='ltr'><strong>mare</strong></span> <span class='ocrx_word' id='word_1_214' title='bbox 1196 2380 1333 2446; x_wconf 89' lang='lat' dir='ltr'><strong>transire</strong></span> <span class='ocrx_word' id='word_1_215' title='bbox 1348 2401 1445 2464; x_wconf 90' lang='lat' dir='ltr'><strong>qnam</strong></span> <span class='ocrx_word' id='word_1_216' title='bbox 1461 2401 1583 2448; x_wconf 86' lang='lat' dir='ltr'><strong>vocem.</strong></span> <span class='ocrx_word' id='word_1_217' title='bbox 1637 2383 1697 2466; x_wconf 84' lang='lat'>(38)</span> <span class='ocrx_word' id='word_1_218' title='bbox 1726 2379 1885 2446; x_wconf 90' lang='lat' dir='ltr'><strong>Oimmu-</strong></span> 
     </span>
    </p>

    <p class='ocr_par' dir='ltr' id='par_1_7' title="bbox 197 2483 1886 2985">
     <span class='ocr_line' id='line_1_21' title="bbox 197 2483 1885 2571; baseline 0.001 -23"><span class='ocrx_word' id='word_1_219' title='bbox 197 2506 227 2548; x_wconf 82' lang='lat' dir='ltr'><strong>ro</strong></span> <span class='ocrx_word' id='word_1_220' title='bbox 247 2486 379 2553; x_wconf 91' lang='lat' dir='ltr'><strong>tabilcm</strong></span> <span class='ocrx_word' id='word_1_221' title='bbox 404 2485 574 2552; x_wconf 82' lang='lat' dir='ltr'><strong>terminum</strong></span> <span class='ocrx_word' id='word_1_222' title='bbox 598 2484 639 2551; x_wconf 92' lang='lat' dir='ltr'><strong>de</strong></span> <span class='ocrx_word' id='word_1_223' title='bbox 662 2503 808 2551; x_wconf 89' lang='lat' dir='ltr'><strong>sermone</strong></span> <span class='ocrx_word' id='word_1_224' title='bbox 830 2485 1030 2570; x_wconf 87' lang='lat' dir='ltr'><strong>plautatum!</strong></span> <span class='ocrx_word' id='word_1_225' title='bbox 1057 2492 1192 2571; x_wconf 88' lang='lat' dir='ltr'><strong>apparet</strong></span> <span class='ocrx_word' id='word_1_226' title='bbox 1213 2491 1376 2569; x_wconf 87' lang='lat' dir='ltr'><strong>quantum</strong></span> <span class='ocrx_word' id='word_1_227' title='bbox 1390 2491 1441 2551; x_wconf 92' lang='lat' dir='ltr'><strong>cst</strong></span> <span class='ocrx_word' id='word_1_228' title='bbox 1461 2485 1576 2551; x_wconf 92' lang='lat' dir='ltr'><strong>melior</strong></span> <span class='ocrx_word' id='word_1_229' title='bbox 1597 2485 1701 2564; x_wconf 81' lang='lat' dir='ltr'><strong>Adam</strong></span> <span class='ocrx_word' id='word_1_230' title='bbox 1725 2483 1885 2551; x_wconf 88' lang='lat' dir='ltr'><strong>secundus</strong></span> 
     </span>
     <span class='ocr_line' id='line_1_22' title="bbox 246 2587 1881 2675; baseline -0.001 -18"><span class='ocrx_word' id='word_1_231' title='bbox 246 2591 391 2675; x_wconf 87' lang='lat' dir='ltr'><strong>antiquo.</strong></span> <span class='ocrx_word' id='word_1_232' title='bbox 438 2590 501 2655; x_wconf 90' lang='lat' dir='ltr'><strong>Ille</strong></span> <span class='ocrx_word' id='word_1_233' title='bbox 531 2589 673 2675; x_wconf 91' lang='lat' dir='ltr'><strong>serpenti</strong></span> <span class='ocrx_word' id='word_1_234' title='bbox 703 2589 825 2674; x_wconf 90' lang='lat' dir='ltr'><strong>paruit,</strong></span> <span class='ocrx_word' id='word_1_235' title='bbox 859 2587 921 2654; x_wconf 89' lang='lat' dir='ltr'><strong>istc</strong></span> <span class='ocrx_word' id='word_1_236' title='bbox 951 2609 1061 2656; x_wconf 91' lang='lat' dir='ltr'><strong>servos</strong></span> <span class='ocrx_word' id='word_1_237' title='bbox 1091 2589 1206 2672; x_wconf 91' lang='lat' dir='ltr'><strong>habet,</strong></span> <span class='ocrx_word' id='word_1_238' title='bbox 1241 2588 1295 2674; x_wconf 91' lang='lat' dir='ltr'><strong>qni</strong></span> <span class='ocrx_word' id='word_1_239' title='bbox 1327 2596 1463 2675; x_wconf 89' lang='lat' dir='ltr'><strong>possunt</strong></span> <span class='ocrx_word' id='word_1_240' title='bbox 1489 2589 1691 2674; x_wconf 91' lang='lat' dir='ltr'><strong>serpentibus</strong></span> <span class='ocrx_word' id='word_1_241' title='bbox 1712 2587 1881 2674; x_wconf 87' lang='lat' dir='ltr'><strong>imperare.</strong></span> 
     </span>
     <span class='ocr_line' id='line_1_23' title="bbox 246 2691 1886 2779; baseline -0.001 -20"><span class='ocrx_word' id='word_1_242' title='bbox 246 2695 308 2760; x_wconf 89' lang='lat' dir='ltr'><strong>Ille</strong></span> <span class='ocrx_word' id='word_1_243' title='bbox 337 2714 396 2779; x_wconf 91' lang='lat' dir='ltr'><strong>per</strong></span> <span class='ocrx_word' id='word_1_244' title='bbox 424 2693 563 2760; x_wconf 88' lang='lat' dir='ltr'><strong>bestiam</strong></span> <span class='ocrx_word' id='word_1_245' title='bbox 594 2693 635 2759; x_wconf 89' lang='lat' dir='ltr'><strong>de</strong></span> <span class='ocrx_word' id='word_1_246' title='bbox 665 2692 744 2759; x_wconf 89' lang='lat' dir='ltr'><strong>sede</strong></span> <span class='ocrx_word' id='word_1_247' title='bbox 767 2691 923 2778; x_wconf 88' lang='lat' dir='ltr'><strong>paradysi</strong></span> <span class='ocrx_word' id='word_1_248' title='bbox 945 2693 1105 2777; x_wconf 88' lang='lat' dir='ltr'><strong>proiectus</strong></span> <span class='ocrx_word' id='word_1_249' title='bbox 1129 2700 1188 2777; x_wconf 91' lang='lat' dir='ltr'><strong>cst,</strong></span> <span class='ocrx_word' id='word_1_250' title='bbox 1214 2693 1277 2759; x_wconf 90' lang='lat' dir='ltr'><strong>iste</strong></span> <span class='ocrx_word' id='word_1_251' title='bbox 1300 2692 1341 2758; x_wconf 91' lang='lat' dir='ltr'><strong>de</strong></span> <span class='ocrx_word' id='word_1_252' title='bbox 1364 2692 1431 2760; x_wconf 87' lang='lat' dir='ltr'><strong>suis</strong></span> <span class='ocrx_word' id='word_1_253' title='bbox 1455 2693 1615 2759; x_wconf 91' lang='lat' dir='ltr'><strong>cubilibus</strong></span> <span class='ocrx_word' id='word_1_254' title='bbox 1639 2699 1805 2778; x_wconf 90' lang='lat' dir='ltr'><strong>serpentes</strong></span> <span class='ocrx_word' id='word_1_255' title='bbox 1826 2714 1886 2759; x_wconf 91' lang='lat' dir='ltr'><strong>cx-</strong></span> 
     </span>
     <span class='ocr_line' id='line_1_24' title="bbox 247 2795 1884 2883; baseline 0 -19"><span class='ocrx_word' id='word_1_256' title='bbox 247 2797 353 2864; x_wconf 89' lang='lat' dir='ltr'><strong>clusit.</strong></span> <span class='ocrx_word' id='word_1_257' title='bbox 401 2797 558 2882; x_wconf 89' lang='lat' dir='ltr'><strong>Deposuit</strong></span> <span class='ocrx_word' id='word_1_258' title='bbox 587 2797 705 2880; x_wconf 84' lang='lat' dir='ltr'><strong>anguis</strong></span> <span class='ocrx_word' id='word_1_259' title='bbox 736 2796 902 2880; x_wconf 89' lang='lat' dir='ltr'><strong>antiquum</strong></span> <span class='ocrx_word' id='word_1_260' title='bbox 924 2796 1129 2864; x_wconf 87' lang='lat' dir='ltr'><strong>mendacium</strong></span> <span class='ocrx_word' id='word_1_261' title='bbox 1151 2795 1207 2881; x_wconf 92' lang='lat' dir='ltr'><strong>qui</strong></span> <span class='ocrx_word' id='word_1_262' title='bbox 1229 2795 1341 2864; x_wconf 86' lang='lat' dir='ltr'><strong>didicit</strong></span> <span class='ocrx_word' id='word_1_263' title='bbox 1363 2795 1497 2883; x_wconf 92' lang='lat' dir='ltr'><strong>implcrc</strong></span> <span class='ocrx_word' id='word_1_264' title='bbox 1519 2796 1717 2863; x_wconf 90' lang='lat' dir='ltr'><strong>mandatum.</strong></span> <span class='ocrx_word' id='word_1_265' title='bbox 1768 2799 1829 2882; x_wconf 87' lang='grc'>(39)</span> <span class='ocrx_word' id='word_1_266' title='bbox 1857 2798 1884 2864; x_wconf 93' lang='lat'>0</span> 
     </span>
     <span class='ocr_line' id='line_1_25' title="bbox 247 2899 1879 2985; baseline 0.001 -21"><span class='ocrx_word' id='word_1_267' title='bbox 247 2899 365 2967; x_wconf 88' lang='lat' dir='ltr'><strong>Hilarii</strong></span> <span class='ocrx_word' id='word_1_268' title='bbox 386 2899 534 2984; x_wconf 91' lang='lat' dir='ltr'><strong>dulcedo,</strong></span> <span class='ocrx_word' id='word_1_269' title='bbox 560 2901 831 2968; x_wconf 89' lang='lat' dir='ltr'><strong>medicamentum</strong></span> <span class='ocrx_word' id='word_1_270' title='bbox 853 2907 886 2966; x_wconf 87' lang='lat' dir='ltr'><strong>ct</strong></span> <span class='ocrx_word' id='word_1_271' title='bbox 907 2901 1066 2984; x_wconf 90' lang='lat' dir='ltr'><strong>meritum,</strong></span> <span class='ocrx_word' id='word_1_272' title='bbox 1093 2906 1167 2966; x_wconf 85' lang='lat' dir='ltr'><strong>ante</strong></span> <span class='ocrx_word' id='word_1_273' title='bbox 1191 2920 1286 2985; x_wconf 88' lang='lat' dir='ltr'><strong>quem</strong></span> <span class='ocrx_word' id='word_1_274' title='bbox 1309 2901 1379 2966; x_wconf 90' lang='lat' dir='ltr'><strong>sinc</strong></span> <span class='ocrx_word' id='word_1_275' title='bbox 1401 2921 1491 2967; x_wconf 94' lang='lat' dir='ltr'><strong>mora</strong></span> <span class='ocrx_word' id='word_1_276' title='bbox 1513 2921 1639 2968; x_wconf 89' lang='lat' dir='ltr'><strong>venena</strong></span> <span class='ocrx_word' id='word_1_277' title='bbox 1661 2900 1774 2985; x_wconf 83' lang='lat' dir='ltr'><strong>iugata</strong></span> <span class='ocrx_word' id='word_1_278' title='bbox 1789 2905 1879 2969; x_wconf 89' lang='lat' dir='ltr'><strong>suntl</strong></span> 
     </span>
    </p>

    <p class='ocr_par' dir='ltr' id='par_1_8' title="bbox 198 3003 1886 3174">
     <span class='ocr_line' id='line_1_26' title="bbox 198 3003 1886 3089; baseline 0.003 -23"><span class='ocrx_word' id='word_1_279' title='bbox 198 3023 229 3066; x_wconf 74' lang='lat' dir='ltr'><strong>aa</strong></span> <span class='ocrx_word' id='word_1_280' title='bbox 248 3003 384 3070; x_wconf 86' lang='lat' dir='ltr'><strong>Addidit</strong></span> <span class='ocrx_word' id='word_1_281' title='bbox 404 3011 522 3071; x_wconf 91' lang='lat' dir='ltr'><strong>terram</strong></span> <span class='ocrx_word' id='word_1_282' title='bbox 545 3004 744 3087; x_wconf 91' lang='lat' dir='ltr'><strong>hominibus,</strong></span> <span class='ocrx_word' id='word_1_283' title='bbox 778 3004 857 3089; x_wconf 87' lang='lat' dir='ltr'><strong>quia</strong></span> <span class='ocrx_word' id='word_1_284' title='bbox 878 3004 914 3070; x_wconf 91' lang='lat' dir='ltr'><strong>in</strong></span> <span class='ocrx_word' id='word_1_285' title='bbox 936 3005 1007 3071; x_wconf 94' lang='lat' dir='ltr'><strong>loco</strong></span> <span class='ocrx_word' id='word_1_286' title='bbox 1029 3005 1146 3071; x_wconf 89' lang='lat' dir='ltr'><strong>beluac</strong></span> <span class='ocrx_word' id='word_1_287' title='bbox 1169 3003 1276 3070; x_wconf 89' lang='lat' dir='ltr'><strong>incola</strong></span> <span class='ocrx_word' id='word_1_288' title='bbox 1297 3003 1552 3088; x_wconf 86' lang='lat' dir='ltr'><strong>transmigravit.</strong></span> <span class='ocrx_word' id='word_1_289' title='bbox 1599 3003 1665 3071; x_wconf 87' lang='lat' dir='ltr'><strong>Sed</strong></span> <span class='ocrx_word' id='word_1_290' title='bbox 1687 3011 1886 3072; x_wconf 89' lang='lat' dir='ltr'><strong>revertamur</strong></span> 
     </span>
     <span class='ocr_line' id='line_1_27' title="bbox 248 3107 470 3174; baseline -0.009 0"><span class='ocrx_word' id='word_1_291' title='bbox 248 3108 292 3174; x_wconf 90' lang='lat' dir='ltr'><strong>ad</strong></span> <span class='ocrx_word' id='word_1_292' title='bbox 313 3107 470 3174; x_wconf 90' lang='lat' dir='ltr'><strong>ordinem.</strong></span> 
     </span>
    </p>

    <p class='ocr_par' dir='ltr' id='par_1_9' title="bbox 247 3201 1955 3506">
     <span class='ocr_line' id='line_1_28' title="bbox 340 3201 1955 3296; baseline 0.001 -21"><span class='ocrx_word' id='word_1_293' title='bbox 340 3215 399 3296; x_wconf 84' lang='grc'>(44))</span> <span class='ocrx_word' id='word_1_294' title='bbox 428 3212 509 3278; x_wconf 83' lang='lat' dir='ltr'><strong>Cum</strong></span> <span class='ocrx_word' id='word_1_295' title='bbox 531 3211 572 3278; x_wconf 90' lang='lat' dir='ltr'><strong>de</strong></span> <span class='ocrx_word' id='word_1_296' title='bbox 595 3210 692 3278; x_wconf 89' lang='lat' dir='ltr'><strong>exilio</strong></span> <span class='ocrx_word' id='word_1_297' title='bbox 715 3229 883 3295; x_wconf 85' lang='lat' dir='ltr'><strong>regressus</strong></span> <span class='ocrx_word' id='word_1_298' title='bbox 906 3208 1050 3276; x_wconf 89' lang='lat' dir='ltr'><strong>introivit</strong></span> <span class='ocrx_word' id='word_1_299' title='bbox 1071 3201 1230 3294; x_wconf 89' lang='lat' dir='ltr'><strong>Pictavis,</strong></span> <span class='ocrx_word' id='word_1_300' title='bbox 1265 3229 1388 3277; x_wconf 92' lang='lat' dir='ltr'><strong>summo</strong></span> <span class='ocrx_word' id='word_1_301' title='bbox 1418 3210 1528 3277; x_wconf 85' lang='lat' dir='ltr'><strong>lavore</strong></span> <span class='ocrx_word' id='word_1_302' title='bbox 1551 3209 1752 3296; x_wconf 88' lang='lat' dir='ltr'><strong>plaudebant</strong></span> <span class='ocrx_word' id='word_1_303' title='bbox 1773 3231 1884 3278; x_wconf 90' lang='lat' dir='ltr'><strong>omnes</strong></span> <span class='ocrx_word' id='word_1_304' title='bbox 1907 3211 1955 3278; x_wconf 87' lang='lat' dir='ltr'><strong>XI</strong></span> 
     </span>
     <span class='ocr_line' id='line_1_29' title="bbox 248 3314 1884 3402; baseline 0 -20"><span class='ocrx_word' id='word_1_305' title='bbox 248 3314 385 3401; x_wconf 87' lang='lat' dir='ltr'><strong>pariter,</strong></span> <span class='ocrx_word' id='word_1_306' title='bbox 418 3335 456 3382; x_wconf 92' lang='lat' dir='ltr'><strong>eo</strong></span> <span class='ocrx_word' id='word_1_307' title='bbox 486 3314 572 3399; x_wconf 92' lang='lat' dir='ltr'><strong>quod</strong></span> <span class='ocrx_word' id='word_1_308' title='bbox 602 3315 742 3382; x_wconf 87' lang='lat' dir='ltr'><strong>ecclesia</strong></span> <span class='ocrx_word' id='word_1_309' title='bbox 762 3315 939 3400; x_wconf 89' lang='lat' dir='ltr'><strong>recepisset</strong></span> <span class='ocrx_word' id='word_1_310' title='bbox 962 3314 1162 3400; x_wconf 88' lang='lat' dir='ltr'><strong>pontificem,</strong></span> <span class='ocrx_word' id='word_1_311' title='bbox 1197 3335 1278 3402; x_wconf 84' lang='lat' dir='ltr'><strong>grex</strong></span> <span class='ocrx_word' id='word_1_312' title='bbox 1299 3322 1477 3402; x_wconf 87' lang='lat' dir='ltr'><strong>pastorem:</strong></span> <span class='ocrx_word' id='word_1_313' title='bbox 1512 3323 1545 3383; x_wconf 89' lang='lat' dir='ltr'><strong>et</strong></span> <span class='ocrx_word' id='word_1_314' title='bbox 1566 3335 1606 3382; x_wconf 91' lang='lat' dir='ltr'><strong>ac</strong></span> <span class='ocrx_word' id='word_1_315' title='bbox 1628 3315 1656 3382; x_wconf 93' lang='lat' dir='ltr'><strong>si</strong></span> <span class='ocrx_word' id='word_1_316' title='bbox 1678 3336 1789 3383; x_wconf 91' lang='lat' dir='ltr'><strong>omncs</strong></span> <span class='ocrx_word' id='word_1_317' title='bbox 1812 3338 1884 3382; x_wconf 92' lang='lat' dir='ltr'><strong>cum</strong></span> 
     </span>
     <span class='ocr_line' id='line_1_30' title="bbox 247 3417 1594 3506; baseline 0 -22"><span class='ocrx_word' id='word_1_318' title='bbox 247 3419 319 3506; x_wconf 91' lang='lat' dir='ltr'><strong>ipso</strong></span> <span class='ocrx_word' id='word_1_319' title='bbox 340 3426 416 3486; x_wconf 89' lang='lat' dir='ltr'><strong>tunc</strong></span> <span class='ocrx_word' id='word_1_320' title='bbox 439 3419 600 3486; x_wconf 88' lang='lat' dir='ltr'><strong>redissent</strong></span> <span class='ocrx_word' id='word_1_321' title='bbox 621 3419 666 3485; x_wconf 88' lang='lat' dir='ltr'><strong>ad</strong></span> <span class='ocrx_word' id='word_1_322' title='bbox 686 3418 835 3504; x_wconf 90' lang='lat' dir='ltr'><strong>patriam,</strong></span> <span class='ocrx_word' id='word_1_323' title='bbox 861 3419 907 3484; x_wconf 87' lang='lat' dir='ltr'><strong>ita</strong></span> <span class='ocrx_word' id='word_1_324' title='bbox 930 3419 1000 3486; x_wconf 92' lang='lat' dir='ltr'><strong>sinc</strong></span> <span class='ocrx_word' id='word_1_325' title='bbox 1024 3419 1080 3485; x_wconf 92' lang='lat' dir='ltr'><strong>illo</strong></span> <span class='ocrx_word' id='word_1_326' title='bbox 1104 3440 1139 3486; x_wconf 94' lang='lat' dir='ltr'><strong>sc</strong></span> <span class='ocrx_word' id='word_1_327' title='bbox 1163 3420 1275 3487; x_wconf 86' lang='lat' dir='ltr'><strong>exules</strong></span> <span class='ocrx_word' id='word_1_328' title='bbox 1297 3419 1399 3486; x_wconf 84' lang='lat' dir='ltr'><strong>fuisse</strong></span> <span class='ocrx_word' id='word_1_329' title='bbox 1422 3417 1594 3486; x_wconf 90' lang='lat' dir='ltr'><strong>deflebant.</strong></span> 
     </span>
    </p>

    <p class='ocr_par' dir='ltr' id='par_1_10' title="bbox 198 3521 1973 3921">
     <span class='ocr_line' id='line_1_31' title="bbox 198 3521 1973 3610; baseline 0.002 -24"><span class='ocrx_word' id='word_1_330' title='bbox 198 3545 229 3587; x_wconf 84' lang='lat' dir='ltr'><strong>ao</strong></span> <span class='ocrx_word' id='word_1_331' title='bbox 341 3525 400 3606; x_wconf 90' lang='grc'>(44)</span> <span class='ocrx_word' id='word_1_332' title='bbox 427 3523 543 3605; x_wconf 88' lang='lat' dir='ltr'><strong>Itaque</strong></span> <span class='ocrx_word' id='word_1_333' title='bbox 564 3524 695 3590; x_wconf 89' lang='lat' dir='ltr'><strong>beatum</strong></span> <span class='ocrx_word' id='word_1_334' title='bbox 711 3523 882 3590; x_wconf 80' lang='lat' dir='ltr'><strong>Martinam</strong></span> <span class='ocrx_word' id='word_1_335' title='bbox 905 3521 939 3588; x_wconf 93' lang='lat' dir='ltr'><strong>in</strong></span> <span class='ocrx_word' id='word_1_336' title='bbox 961 3523 1032 3589; x_wconf 86' lang='lat' dir='ltr'><strong>rico</strong></span> <span class='ocrx_word' id='word_1_337' title='bbox 1056 3524 1246 3591; x_wconf 86' lang='lat' dir='ltr'><strong>Locoteiaco</strong></span> <span class='ocrx_word' id='word_1_338' title='bbox 1269 3524 1346 3590; x_wconf 91' lang='lat' dir='ltr'><strong>dum</strong></span> <span class='ocrx_word' id='word_1_339' title='bbox 1368 3522 1588 3610; x_wconf 91' lang='lat' dir='ltr'><strong>praecepisset</strong></span> <span class='ocrx_word' id='word_1_340' title='bbox 1609 3521 1792 3607; x_wconf 86' lang='lat' dir='ltr'><strong>consistere,</strong></span> <span class='ocrx_word' id='word_1_341' title='bbox 1820 3523 1886 3590; x_wconf 89' lang='lat' dir='ltr'><strong>vir-</strong></span> <span class='ocrx_word' id='word_1_342' title='bbox 1909 3525 1973 3592; x_wconf 89' lang='lat' dir='ltr'><strong>XII</strong></span> 
     </span>
     <span class='ocr_line' id='line_1_32' title="bbox 248 3625 1885 3714; baseline 0 -20"><span class='ocrx_word' id='word_1_343' title='bbox 248 3633 316 3694; x_wconf 88' lang='lat' dir='ltr'><strong>tute</strong></span> <span class='ocrx_word' id='word_1_344' title='bbox 338 3626 448 3693; x_wconf 85' lang='lat' dir='ltr'><strong>divina</strong></span> <span class='ocrx_word' id='word_1_345' title='bbox 469 3626 588 3692; x_wconf 88' lang='lat' dir='ltr'><strong>meruit</strong></span> <span class='ocrx_word' id='word_1_346' title='bbox 610 3625 655 3692; x_wconf 95' lang='lat' dir='ltr'><strong>ibi</strong></span> <span class='ocrx_word' id='word_1_347' title='bbox 678 3633 836 3693; x_wconf 90' lang='lat' dir='ltr'><strong>mortuum</strong></span> <span class='ocrx_word' id='word_1_348' title='bbox 860 3625 1028 3693; x_wconf 88' lang='lat' dir='ltr'><strong>suscitare.</strong></span> <span class='ocrx_word' id='word_1_349' title='bbox 1082 3629 1143 3712; x_wconf 83' lang='grc'>(42)</span> <span class='ocrx_word' id='word_1_350' title='bbox 1170 3629 1247 3694; x_wconf 91' lang='lat' dir='ltr'><strong>Post</strong></span> <span class='ocrx_word' id='word_1_351' title='bbox 1272 3628 1395 3712; x_wconf 89' lang='lat' dir='ltr'><strong>aliquot</strong></span> <span class='ocrx_word' id='word_1_352' title='bbox 1417 3627 1488 3694; x_wconf 90' lang='lat' dir='ltr'><strong>dies</strong></span> <span class='ocrx_word' id='word_1_353' title='bbox 1510 3627 1618 3698; x_wconf 89' lang='lat' dir='ltr'><strong>infans</strong></span> <span class='ocrx_word' id='word_1_354' title='bbox 1641 3628 1710 3694; x_wconf 91' lang='lat' dir='ltr'><strong>siue</strong></span> <span class='ocrx_word' id='word_1_355' title='bbox 1732 3629 1885 3714; x_wconf 89' lang='lat' dir='ltr'><strong>baptismi</strong></span> 
     </span>
     <span class='ocr_line' id='line_1_33' title="bbox 248 3729 1885 3819; baseline 0.001 -21"><span class='ocrx_word' id='word_1_356' title='bbox 248 3729 492 3816; x_wconf 86' lang='lat' dir='ltr'><strong>regeneratione</strong></span> <span class='ocrx_word' id='word_1_357' title='bbox 508 3731 679 3797; x_wconf 86' lang='lat' dir='ltr'><strong>defunctus</strong></span> <span class='ocrx_word' id='word_1_358' title='bbox 695 3738 760 3798; x_wconf 91' lang='lat' dir='ltr'><strong>cst:</strong></span> <span class='ocrx_word' id='word_1_359' title='bbox 782 3730 906 3816; x_wconf 89' lang='lat' dir='ltr'><strong>duplici</strong></span> <span class='ocrx_word' id='word_1_360' title='bbox 921 3737 1021 3798; x_wconf 89' lang='lat' dir='ltr'><strong>morte</strong></span> <span class='ocrx_word' id='word_1_361' title='bbox 1037 3731 1207 3799; x_wconf 76' lang='grc'>4444444444</span> <span class='ocrx_word' id='word_1_362' title='bbox 1222 3739 1426 3818; x_wconf 86' lang='lat' dir='ltr'><strong>praesentem</strong></span> <span class='ocrx_word' id='word_1_363' title='bbox 1442 3733 1546 3798; x_wconf 92' lang='lat' dir='ltr'><strong>lucem</strong></span> <span class='ocrx_word' id='word_1_364' title='bbox 1561 3731 1716 3798; x_wconf 88' lang='lat' dir='ltr'><strong>amiserat</strong></span> <span class='ocrx_word' id='word_1_365' title='bbox 1731 3740 1764 3800; x_wconf 91' lang='lat' dir='ltr'><strong>ct</strong></span> <span class='ocrx_word' id='word_1_366' title='bbox 1779 3754 1885 3819; x_wconf 87' lang='lat' dir='ltr'><strong>poena</strong></span> 
     </span>
     <span class='ocr_line' id='line_1_34' title="bbox 248 3833 1884 3921; baseline 0.001 -21"><span class='ocrx_word' id='word_1_367' title='bbox 248 3835 347 3902; x_wconf 83' lang='lat' dir='ltr'><strong>futuri</strong></span> <span class='ocrx_word' id='word_1_368' title='bbox 369 3834 492 3902; x_wconf 89' lang='lat' dir='ltr'><strong>saeculi</strong></span> <span class='ocrx_word' id='word_1_369' title='bbox 513 3855 577 3902; x_wconf 92' lang='lat' dir='ltr'><strong>nou</strong></span> <span class='ocrx_word' id='word_1_370' title='bbox 600 3836 738 3902; x_wconf 89' lang='lat' dir='ltr'><strong>carebat.</strong></span> <span class='ocrx_word' id='word_1_371' title='bbox 792 3837 852 3921; x_wconf 90' lang='grc'>(43)</span> <span class='ocrx_word' id='word_1_372' title='bbox 881 3837 972 3901; x_wconf 86' lang='lat' dir='ltr'><strong>Tunc</strong></span> <span class='ocrx_word' id='word_1_373' title='bbox 994 3842 1098 3902; x_wconf 88' lang='lat' dir='ltr'><strong>mater</strong></span> <span class='ocrx_word' id='word_1_374' title='bbox 1120 3835 1270 3920; x_wconf 83' lang='lat' dir='ltr'><strong>extincti,</strong></span> <span class='ocrx_word' id='word_1_375' title='bbox 1297 3854 1380 3919; x_wconf 88' lang='lat' dir='ltr'><strong>quac</strong></span> <span class='ocrx_word' id='word_1_376' title='bbox 1403 3833 1466 3901; x_wconf 89' lang='lat' dir='ltr'><strong>iam</strong></span> <span class='ocrx_word' id='word_1_377' title='bbox 1490 3842 1593 3902; x_wconf 88' lang='lat' dir='ltr'><strong>mater</strong></span> <span class='ocrx_word' id='word_1_378' title='bbox 1614 3856 1679 3902; x_wconf 91' lang='lat' dir='ltr'><strong>non</strong></span> <span class='ocrx_word' id='word_1_379' title='bbox 1701 3843 1780 3920; x_wconf 90' lang='lat' dir='ltr'><strong>erat,</strong></span> <span class='ocrx_word' id='word_1_380' title='bbox 1807 3837 1884 3904; x_wconf 91' lang='lat' dir='ltr'><strong>dum</strong></span> 
     </span>
    </p>
   </div>
   <div class='ocr_carea' id='block_1_3' title="bbox 248 4115 1883 4789">
    <p class='ocr_par' dir='ltr' id='par_1_11' title="bbox 335 4115 1850 4182">
     <span class='ocr_line' id='line_1_35' title="bbox 335 4115 1850 4182; baseline -0.004 -16"><span class='ocrx_word' id='word_1_381' title='bbox 335 4116 351 4166; x_wconf 82' lang='lat'>4</span> <span class='ocrx_word' id='word_1_382' title='bbox 370 4117 464 4178; x_wconf 74' lang='lat' dir='ltr'><strong>Salpia.</strong></span> <span class='ocrx_word' id='word_1_383' title='bbox 486 4117 542 4167; x_wconf 77' lang='lat' dir='ltr'><strong>Sao.</strong></span> <span class='ocrx_word' id='word_1_384' title='bbox 569 4117 595 4164; x_wconf 93' lang='lat' dir='ltr'><strong>V.</strong></span> <span class='ocrx_word' id='word_1_385' title='bbox 617 4115 692 4165; x_wconf 81' lang='lat' dir='ltr'><strong>Mart.</strong></span> <span class='ocrx_word' id='word_1_386' title='bbox 713 4119 740 4178; x_wconf 81' lang='lat' dir='ltr'><strong>b,</strong></span> <span class='ocrx_word' id='word_1_387' title='bbox 760 4118 777 4164; x_wconf 77' lang='lat'>2</span> <span class='ocrx_word' id='word_1_388' title='bbox 794 4119 883 4178; x_wconf 84' lang='lat' dir='ltr'><strong>itaque</strong></span> <span class='ocrx_word' id='word_1_389' title='bbox 901 4116 1050 4164; x_wconf 80' lang='lat' dir='ltr'><strong>exorcistam</strong></span> <span class='ocrx_word' id='word_1_390' title='bbox 1068 4129 1127 4164; x_wconf 88' lang='lat' dir='ltr'><strong>curn</strong></span> <span class='ocrx_word' id='word_1_391' title='bbox 1146 4129 1201 4164; x_wconf 86' lang='lat' dir='ltr'><strong>esse</strong></span> <span class='ocrx_word' id='word_1_392' title='bbox 1219 4116 1358 4178; x_wconf 83' lang='lat' dir='ltr'><strong>praecepit.</strong></span> <span class='ocrx_word' id='word_1_393' title='bbox 1849 4179 1850 4182; x_wconf 8' lang='grc' dir='ltr'><strong>Ἴ</strong></span> 
     </span>
    </p>

    <p class='ocr_par' dir='ltr' id='par_1_12' title="bbox 248 4203 1883 4440">
     <span class='ocr_line' id='line_1_36' title="bbox 335 4203 1883 4267; baseline 0.001 -15"><span class='ocrx_word' id='word_1_394' title='bbox 335 4203 359 4254; x_wconf 81' lang='grc'><strong>5.</strong></span> <span class='ocrx_word' id='word_1_395' title='bbox 381 4203 396 4254; x_wconf 83' lang='lat' dir='ltr'><strong>b</strong></span> <span class='ocrx_word' id='word_1_396' title='bbox 422 4204 453 4252; x_wconf 85' lang='lat' dir='ltr'><strong>ib.</strong></span> <span class='ocrx_word' id='word_1_397' title='bbox 475 4205 506 4264; x_wconf 83' lang='lat'><strong>6,</strong></span> <span class='ocrx_word' id='word_1_398' title='bbox 529 4205 543 4251; x_wconf 83' lang='lat'>7</span> <span class='ocrx_word' id='word_1_399' title='bbox 566 4216 613 4250; x_wconf 87' lang='lat' dir='ltr'><strong>nec</strong></span> <span class='ocrx_word' id='word_1_400' title='bbox 635 4204 716 4252; x_wconf 89' lang='lat' dir='ltr'><strong>multo</strong></span> <span class='ocrx_word' id='word_1_401' title='bbox 740 4208 812 4264; x_wconf 89' lang='lat' dir='ltr'><strong>post,</strong></span> <span class='ocrx_word' id='word_1_402' title='bbox 840 4217 895 4252; x_wconf 89' lang='lat' dir='ltr'><strong>oum</strong></span> <span class='ocrx_word' id='word_1_403' title='bbox 918 4207 1003 4252; x_wconf 80' lang='lat' dir='ltr'><strong>sancto</strong></span> <span class='ocrx_word' id='word_1_404' title='bbox 1022 4203 1117 4251; x_wconf 83' lang='lat' dir='ltr'><strong>Hilario</strong></span> <span class='ocrx_word' id='word_1_405' title='bbox 1140 4204 1303 4267; x_wconf 80' lang='lat' dir='ltr'><strong>comperisset</strong></span> <span class='ocrx_word' id='word_1_406' title='bbox 1326 4203 1392 4262; x_wconf 77' lang='lat' dir='ltr'><strong>regis</strong></span> <span class='ocrx_word' id='word_1_407' title='bbox 1416 4203 1574 4264; x_wconf 81' lang='lat' dir='ltr'><strong>paenitentia</strong></span> <span class='ocrx_word' id='word_1_408' title='bbox 1592 4208 1740 4266; x_wconf 84' lang='lat' dir='ltr'><strong>potestatem</strong></span> <span class='ocrx_word' id='word_1_409' title='bbox 1759 4206 1883 4254; x_wconf 87' lang='lat' dir='ltr'><strong>indultam</strong></span> 
     </span>
     <span class='ocr_line' id='line_1_37' title="bbox 248 4289 1883 4360; baseline 0 -20"><span class='ocrx_word' id='word_1_410' title='bbox 248 4293 329 4342; x_wconf 85' lang='grc'>444444</span> <span class='ocrx_word' id='word_1_411' title='bbox 346 4290 478 4360; x_wconf 88' lang='lat' dir='ltr'><strong>redeundi,</strong></span> <span class='ocrx_word' id='word_1_412' title='bbox 500 4290 634 4339; x_wconf 76' lang='lat' dir='ltr'><strong>Romaest</strong></span> <span class='ocrx_word' id='word_1_413' title='bbox 652 4291 786 4352; x_wconf 81' lang='lat' dir='ltr'><strong>temptavit</strong></span> <span class='ocrx_word' id='word_1_414' title='bbox 803 4303 931 4338; x_wconf 88' lang='lat' dir='ltr'><strong>occurrere</strong></span> <span class='ocrx_word' id='word_1_415' title='bbox 952 4291 1132 4353; x_wconf 84' lang='lat' dir='ltr'><strong>proiectusque</strong></span> <span class='ocrx_word' id='word_1_416' title='bbox 1150 4291 1181 4339; x_wconf 87' lang='lat' dir='ltr'><strong>ad</strong></span> <span class='ocrx_word' id='word_1_417' title='bbox 1198 4291 1286 4339; x_wconf 88' lang='lat' dir='ltr'><strong>urbem</strong></span> <span class='ocrx_word' id='word_1_418' title='bbox 1304 4295 1351 4338; x_wconf 86' lang='lat' dir='ltr'><strong>cat.</strong></span> <span class='ocrx_word' id='word_1_419' title='bbox 1398 4290 1430 4351; x_wconf 81' lang='grc'><strong>(7,</strong></span> <span class='ocrx_word' id='word_1_420' title='bbox 1454 4290 1476 4352; x_wconf 88' lang='lat'><strong>1)</strong></span> <span class='ocrx_word' id='word_1_421' title='bbox 1498 4303 1554 4338; x_wconf 88' lang='lat' dir='ltr'><strong>cnm</strong></span> <span class='ocrx_word' id='word_1_422' title='bbox 1573 4292 1624 4338; x_wconf 84' lang='lat' dir='ltr'><strong>iam</strong></span> <span class='ocrx_word' id='word_1_423' title='bbox 1642 4289 1753 4340; x_wconf 81' lang='lat' dir='ltr'><strong>Hilarius</strong></span> <span class='ocrx_word' id='word_1_424' title='bbox 1771 4299 1883 4355; x_wconf 87' lang='lat' dir='ltr'><strong>praetor-</strong></span> 
     </span>
     <span class='ocr_line' id='line_1_38' title="bbox 248 4377 816 4440; baseline -0.002 -13"><span class='ocrx_word' id='word_1_425' title='bbox 248 4381 318 4440; x_wconf 84' lang='lat' dir='ltr'><strong>iaaet‚</strong></span> <span class='ocrx_word' id='word_1_426' title='bbox 339 4380 374 4427; x_wconf 87' lang='lat' dir='ltr'><strong>lta</strong></span> <span class='ocrx_word' id='word_1_427' title='bbox 392 4392 450 4427; x_wconf 86' lang='lat' dir='ltr'><strong>enm</strong></span> <span class='ocrx_word' id='word_1_428' title='bbox 468 4383 507 4426; x_wconf 86' lang='lat' dir='ltr'><strong>est</strong></span> <span class='ocrx_word' id='word_1_429' title='bbox 525 4377 639 4438; x_wconf 75' lang='lat' dir='ltr'><strong>vestigtla</strong></span> <span class='ocrx_word' id='word_1_430' title='bbox 659 4383 816 4440; x_wconf 85' lang='lat' dir='ltr'><strong>prosecutus.</strong></span> 
     </span>
    </p>

    <p class='ocr_par' dir='ltr' id='par_1_13' title="bbox 249 4461 1882 4617">
     <span class='ocr_line' id='line_1_39' title="bbox 334 4461 1882 4524; baseline -0.001 -9"><span class='ocrx_word' id='word_1_431' title='bbox 334 4464 488 4515; x_wconf 75' lang='grc'>2414444444.</span> <span class='ocrx_word' id='word_1_432' title='bbox 509 4462 571 4513; x_wconf 84' lang='lat' dir='ltr'><strong>diat.</strong></span> <span class='ocrx_word' id='word_1_433' title='bbox 591 4468 678 4512; x_wconf 78' lang='lat' dir='ltr'><strong>centra</strong></span> <span class='ocrx_word' id='word_1_434' title='bbox 696 4461 803 4524; x_wconf 72' lang='lat' dir='ltr'><strong>bimis„-</strong></span> <span class='ocrx_word' id='word_1_435' title='bbox 827 4469 888 4512; x_wconf 87' lang='lat' dir='ltr'><strong>tune</strong></span> <span class='ocrx_word' id='word_1_436' title='bbox 912 4463 1038 4512; x_wconf 81' lang='lat' dir='ltr'><strong>Hilarium</strong></span> <span class='ocrx_word' id='word_1_437' title='bbox 1061 4477 1135 4512; x_wconf 84' lang='lat' dir='ltr'><strong>suum</strong></span> <span class='ocrx_word' id='word_1_438' title='bbox 1161 4462 1192 4511; x_wconf 85' lang='lat' dir='ltr'><strong>de</strong></span> <span class='ocrx_word' id='word_1_439' title='bbox 1216 4463 1311 4524; x_wconf 87' lang='lat' dir='ltr'><strong>proelio</strong></span> <span class='ocrx_word' id='word_1_440' title='bbox 1334 4465 1503 4512; x_wconf 84' lang='lat' dir='ltr'><strong>revertentem</strong></span> <span class='ocrx_word' id='word_1_441' title='bbox 1528 4463 1665 4512; x_wconf 85' lang='lat' dir='ltr'><strong>Galliarum</strong></span> <span class='ocrx_word' id='word_1_442' title='bbox 1688 4466 1793 4514; x_wconf 82' lang='lat' dir='ltr'><strong>ecclesia</strong></span> <span class='ocrx_word' id='word_1_443' title='bbox 1816 4480 1882 4514; x_wconf 88' lang='lat' dir='ltr'><strong>com·</strong></span> 
     </span>
     <span class='ocr_line' id='line_1_40' title="bbox 249 4553 332 4617; baseline 0.024 -17"><span class='ocrx_word' id='word_1_444' title='bbox 249 4553 332 4617; x_wconf 86' lang='lat' dir='ltr'><strong>plexa.</strong></span> 
     </span>
    </p>

    <p class='ocr_par' dir='ltr' id='par_1_14' title="bbox 248 4635 1882 4789">
     <span class='ocr_line' id='line_1_41' title="bbox 335 4635 1882 4701; baseline -0.001 -13"><span class='ocrx_word' id='word_1_445' title='bbox 335 4638 377 4688; x_wconf 87' lang='grc'>34).</span> <span class='ocrx_word' id='word_1_446' title='bbox 398 4635 428 4686; x_wconf 93' lang='grc'><strong>34</strong></span> <span class='ocrx_word' id='word_1_447' title='bbox 443 4651 478 4701; x_wconf 81' lang='lat' dir='ltr'><strong>aq.</strong></span> <span class='ocrx_word' id='word_1_448' title='bbox 506 4635 602 4697; x_wconf 77' lang='lat' dir='ltr'><strong>Salpia.</strong></span> <span class='ocrx_word' id='word_1_449' title='bbox 623 4635 680 4686; x_wconf 77' lang='lat' dir='ltr'><strong>Sao.</strong></span> <span class='ocrx_word' id='word_1_450' title='bbox 706 4637 733 4686; x_wconf 87' lang='lat' dir='ltr'><strong>V.</strong></span> <span class='ocrx_word' id='word_1_451' title='bbox 756 4635 830 4686; x_wconf 79' lang='lat' dir='ltr'><strong>Hert.</strong></span> <span class='ocrx_word' id='word_1_452' title='bbox 853 4639 876 4698; x_wconf 83' lang='lat'><strong>7,</strong></span> <span class='ocrx_word' id='word_1_453' title='bbox 898 4640 910 4684; x_wconf 86' lang='lat'><em>1</em></span> <span class='ocrx_word' id='word_1_454' title='bbox 938 4651 1046 4699; x_wconf 85' lang='lat' dir='ltr'><strong>cumque</strong></span> <span class='ocrx_word' id='word_1_455' title='bbox 1065 4639 1096 4686; x_wconf 89' lang='lat' dir='ltr'><strong>ab</strong></span> <span class='ocrx_word' id='word_1_456' title='bbox 1114 4651 1142 4687; x_wconf 86' lang='lat' dir='ltr'><strong>eo</strong></span> <span class='ocrx_word' id='word_1_457' title='bbox 1161 4637 1303 4699; x_wconf 80' lang='lat' dir='ltr'><strong>gratissime</strong></span> <span class='ocrx_word' id='word_1_458' title='bbox 1321 4637 1414 4686; x_wconf 82' lang='lat' dir='ltr'><strong>fnisset</strong></span> <span class='ocrx_word' id='word_1_459' title='bbox 1432 4642 1581 4700; x_wconf 86' lang='lat' dir='ltr'><strong>susceptus,</strong></span> <span class='ocrx_word' id='word_1_460' title='bbox 1610 4638 1675 4687; x_wconf 89' lang='lat' dir='ltr'><strong>haud</strong></span> <span class='ocrx_word' id='word_1_461' title='bbox 1694 4639 1765 4700; x_wconf 74' lang='lat' dir='ltr'><strong>louge</strong></span> <span class='ocrx_word' id='word_1_462' title='bbox 1784 4639 1833 4687; x_wconf 91' lang='lat' dir='ltr'><strong>sibl</strong></span> <span class='ocrx_word' id='word_1_463' title='bbox 1851 4640 1882 4687; x_wconf 88' lang='lat' dir='ltr'><strong>ab</strong></span> 
     </span>
     <span class='ocr_line' id='line_1_42' title="bbox 248 4723 1552 4789; baseline -0.001 -13"><span class='ocrx_word' id='word_1_464' title='bbox 248 4727 340 4789; x_wconf 86' lang='lat' dir='ltr'><strong>oppido</strong></span> <span class='ocrx_word' id='word_1_465' title='bbox 358 4724 537 4775; x_wconf 85' lang='lat' dir='ltr'><strong>monasterium</strong></span> <span class='ocrx_word' id='word_1_466' title='bbox 556 4723 703 4786; x_wconf 83' lang='lat' dir='ltr'><strong>conlocarit,</strong></span> <span class='ocrx_word' id='word_1_467' title='bbox 724 4737 774 4786; x_wconf 92' lang='lat' dir='ltr'><strong>quo</strong></span> <span class='ocrx_word' id='word_1_468' title='bbox 792 4729 904 4785; x_wconf 87' lang='lat' dir='ltr'><strong>tempore</strong></span> <span class='ocrx_word' id='word_1_469' title='bbox 923 4737 950 4772; x_wconf 87' lang='lat' dir='ltr'><strong>as</strong></span> <span class='ocrx_word' id='word_1_470' title='bbox 968 4725 992 4773; x_wconf 85' lang='lat' dir='ltr'><strong>ei</strong></span> <span class='ocrx_word' id='word_1_471' title='bbox 1011 4725 1113 4786; x_wconf 91' lang='lat' dir='ltr'><strong>qnidam</strong></span> <span class='ocrx_word' id='word_1_472' title='bbox 1131 4724 1326 4774; x_wconf 69' lang='lat' dir='ltr'><strong>catomumenus</strong></span> <span class='ocrx_word' id='word_1_473' title='bbox 1344 4724 1430 4773; x_wconf 86' lang='lat' dir='ltr'><strong>lunxit</strong></span> <span class='ocrx_word' id='word_1_474' title='bbox 1447 4737 1468 4774; x_wconf 84' lang='grc' dir='ltr'><strong>ι.</strong></span> <span class='ocrx_word' id='word_1_475' title='bbox 1489 4741 1511 4788; x_wconf 82' lang='lat' dir='ltr'><strong>q.</strong></span> <span class='ocrx_word' id='word_1_476' title='bbox 1532 4741 1552 4777; x_wconf 80' lang='lat' dir='ltr'><strong>r.</strong></span> 
     </span>
    </p>
   </div>
   <div class='ocr_carea' id='block_1_4' title="bbox 182 4961 1883 5726">
    <p class='ocr_par' dir='ltr' id='par_1_15' title="bbox 182 4961 1883 5726">
     <span class='ocr_line' id='line_1_43' title="bbox 337 4961 1881 5032; baseline -0.001 -16"><span class='ocrx_word' id='word_1_477' title='bbox 337 4966 347 5016; x_wconf 95' lang='grc'>4</span> <span class='ocrx_word' id='word_1_478' title='bbox 369 4965 553 5031; x_wconf 83' lang='lat' dir='ltr'><strong>persecutionis</strong></span> <span class='ocrx_word' id='word_1_479' title='bbox 578 4967 619 5014; x_wconf 80' lang='lat' dir='ltr'><strong>VA</strong></span> <span class='ocrx_word' id='word_1_480' title='bbox 741 4964 758 5014; x_wconf 88' lang='grc'>4</span> <span class='ocrx_word' id='word_1_481' title='bbox 776 4965 872 5014; x_wconf 87' lang='lat' dir='ltr'><strong>lumine</strong></span> <span class='ocrx_word' id='word_1_482' title='bbox 891 4978 940 5014; x_wconf 86' lang='lat' dir='ltr'><strong>non</strong></span> <span class='ocrx_word' id='word_1_483' title='bbox 959 4967 1097 5016; x_wconf 80' lang='lat' dir='ltr'><strong>absconsus</strong></span> <span class='ocrx_word' id='word_1_484' title='bbox 1120 4967 1162 5015; x_wconf 84' lang='lat' dir='ltr'><strong>VA</strong></span> <span class='ocrx_word' id='word_1_485' title='bbox 1285 4961 1382 5032; x_wconf 82' lang='lat' dir='ltr'><strong>portes]</strong></span> <span class='ocrx_word' id='word_1_486' title='bbox 1399 4967 1478 5015; x_wconf 79' lang='lat' dir='ltr'><strong>amir:</strong></span> <span class='ocrx_word' id='word_1_487' title='bbox 1498 4971 1555 5015; x_wconf 80' lang='lat' dir='ltr'><strong>cate</strong></span> <span class='ocrx_word' id='word_1_488' title='bbox 1573 4967 1687 5015; x_wconf 79' lang='lat' dir='ltr'><strong>exsilium</strong></span> <span class='ocrx_word' id='word_1_489' title='bbox 1705 4969 1822 5016; x_wconf 74' lang='grc' dir='ltr'>4444ιὶ444</span> <span class='ocrx_word' id='word_1_490' title='bbox 1841 4969 1881 5015; x_wconf 80' lang='lat' dir='ltr'><strong>tn-</strong></span> 
     </span>
     <span class='ocr_line' id='line_1_44' title="bbox 182 5048 1883 5120; baseline -0.002 -16"><span class='ocrx_word' id='word_1_491' title='bbox 182 5079 186 5084; x_wconf 95' lang='lat'>·</span> <span class='ocrx_word' id='word_1_492' title='bbox 248 5056 351 5104; x_wconf 79' lang='lat' dir='ltr'><strong>stitutus</strong></span> <span class='ocrx_word' id='word_1_493' title='bbox 368 5059 430 5118; x_wconf 81' lang='lat' dir='ltr'><strong>erat,</strong></span> <span class='ocrx_word' id='word_1_494' title='bbox 450 5052 485 5114; x_wconf 74' lang='lat' dir='ltr'><strong>cf.</strong></span> <span class='ocrx_word' id='word_1_495' title='bbox 507 5053 604 5114; x_wconf 70' lang='lat' dir='ltr'><strong>sulpic.</strong></span> <span class='ocrx_word' id='word_1_496' title='bbox 625 5051 682 5101; x_wconf 77' lang='lat' dir='ltr'><strong>Sco.</strong></span> <span class='ocrx_word' id='word_1_497' title='bbox 707 5051 735 5102; x_wconf 90' lang='lat' dir='ltr'><strong>V.</strong></span> <span class='ocrx_word' id='word_1_498' title='bbox 759 5051 831 5102; x_wconf 80' lang='lat' dir='ltr'><strong>Mart.</strong></span> <span class='ocrx_word' id='word_1_499' title='bbox 854 5055 877 5116; x_wconf 80' lang='lat' dir='ltr'><strong>d,</strong></span> <span class='ocrx_word' id='word_1_500' title='bbox 899 5054 916 5100; x_wconf 77' lang='lat'>2</span> <span class='ocrx_word' id='word_1_501' title='bbox 1021 5048 1184 5118; x_wconf 81' lang='lat' dir='ltr'><strong>Sapiritum]</strong></span> <span class='ocrx_word' id='word_1_502' title='bbox 1202 5057 1318 5102; x_wconf 75' lang='lat' dir='ltr'><strong>unctum</strong></span> <span class='ocrx_word' id='word_1_503' title='bbox 1337 5051 1395 5101; x_wconf 86' lang='lat' dir='ltr'><strong>add.</strong></span> <span class='ocrx_word' id='word_1_504' title='bbox 1419 5053 1461 5100; x_wconf 82' lang='lat' dir='ltr'><strong>VA</strong></span> <span class='ocrx_word' id='word_1_505' title='bbox 1567 5048 1601 5120; x_wconf 89' lang='lat' dir='ltr'><strong>st]</strong></span> <span class='ocrx_word' id='word_1_506' title='bbox 1619 5067 1669 5104; x_wconf 87' lang='lat' dir='ltr'><strong>om.</strong></span> <span class='ocrx_word' id='word_1_507' title='bbox 1692 5054 1713 5102; x_wconf 81' lang='grc'><em>0</em></span> <span class='ocrx_word' id='word_1_508' title='bbox 1817 5053 1883 5102; x_wconf 88' lang='lat' dir='ltr'><strong>uidit</strong></span> 
     </span>
     <span class='ocr_line' id='line_1_45' title="bbox 247 5135 1882 5207; baseline -0.001 -19"><span class='ocrx_word' id='word_1_509' title='bbox 247 5140 323 5190; x_wconf 87' lang='lat' dir='ltr'><strong>deum</strong></span> <span class='ocrx_word' id='word_1_510' title='bbox 341 5141 412 5204; x_wconf 87' lang='lat' dir='ltr'><strong>priua</strong></span> <span class='ocrx_word' id='word_1_511' title='bbox 434 5140 476 5188; x_wconf 79' lang='lat' dir='ltr'><strong>VA</strong></span> <span class='ocrx_word' id='word_1_512' title='bbox 579 5153 716 5203; x_wconf 79' lang='lat' dir='ltr'><strong>pauperem</strong></span> <span class='ocrx_word' id='word_1_513' title='bbox 734 5163 769 5176; x_wconf 90' lang='lat'><strong>·-</strong></span> <span class='ocrx_word' id='word_1_514' title='bbox 787 5139 914 5190; x_wconf 83' lang='lat' dir='ltr'><strong>doctorem</strong></span> <span class='ocrx_word' id='word_1_515' title='bbox 936 5139 990 5202; x_wconf 81' lang='lat' dir='ltr'><strong>VA,</strong></span> <span class='ocrx_word' id='word_1_516' title='bbox 1010 5137 1045 5199; x_wconf 83' lang='lat' dir='ltr'><strong>es.</strong></span> <span class='ocrx_word' id='word_1_517' title='bbox 1066 5140 1165 5201; x_wconf 78' lang='lat' dir='ltr'><strong>scipta.</strong></span> <span class='ocrx_word' id='word_1_518' title='bbox 1185 5138 1242 5188; x_wconf 77' lang='lat' dir='ltr'><strong>Sco.</strong></span> <span class='ocrx_word' id='word_1_519' title='bbox 1266 5139 1294 5190; x_wconf 89' lang='lat' dir='ltr'><strong>V.</strong></span> <span class='ocrx_word' id='word_1_520' title='bbox 1311 5138 1388 5190; x_wconf 79' lang='lat' dir='ltr'><strong>liert.</strong></span> <span class='ocrx_word' id='word_1_521' title='bbox 1407 5141 1434 5200; x_wconf 85' lang='grc'>3,</span> <span class='ocrx_word' id='word_1_522' title='bbox 1455 5143 1468 5188; x_wconf 92' lang='lat'><em>1</em></span> <span class='ocrx_word' id='word_1_523' title='bbox 1577 5139 1605 5189; x_wconf 92' lang='grc'><strong>44</strong></span> <span class='ocrx_word' id='word_1_524' title='bbox 1627 5135 1792 5207; x_wconf 79' lang='lat' dir='ltr'><strong>gallinariam]</strong></span> <span class='ocrx_word' id='word_1_525' title='bbox 1810 5141 1882 5188; x_wconf 88' lang='lat' dir='ltr'><strong>diues</strong></span> 
     </span>
     <span class='ocr_line' id='line_1_46' title="bbox 248 5222 1883 5292; baseline -0.001 -16"><span class='ocrx_word' id='word_1_526' title='bbox 248 5229 382 5289; x_wconf 76' lang='lat' dir='ltr'><strong>galliarum</strong></span> <span class='ocrx_word' id='word_1_527' title='bbox 401 5227 472 5276; x_wconf 82' lang='lat' dir='ltr'><strong>cedd.</strong></span> <span class='ocrx_word' id='word_1_528' title='bbox 492 5230 637 5276; x_wconf 68' lang='lat' dir='ltr'><strong>recemum</strong></span> <span class='ocrx_word' id='word_1_529' title='bbox 655 5224 749 5290; x_wconf 64' lang='lat' dir='ltr'><strong>Mean,</strong></span> <span class='ocrx_word' id='word_1_530' title='bbox 771 5225 805 5288; x_wconf 77' lang='lat' dir='ltr'><strong>es.</strong></span> <span class='ocrx_word' id='word_1_531' title='bbox 826 5225 920 5288; x_wconf 76' lang='lat' dir='ltr'><strong>salpe.</strong></span> <span class='ocrx_word' id='word_1_532' title='bbox 943 5225 999 5275; x_wconf 78' lang='lat' dir='ltr'><strong>Sao.</strong></span> <span class='ocrx_word' id='word_1_533' title='bbox 1024 5225 1051 5275; x_wconf 90' lang='lat' dir='ltr'><strong>V.</strong></span> <span class='ocrx_word' id='word_1_534' title='bbox 1072 5224 1149 5274; x_wconf 78' lang='lat' dir='ltr'><strong>Mart.</strong></span> <span class='ocrx_word' id='word_1_535' title='bbox 1169 5229 1194 5287; x_wconf 79' lang='lat' dir='ltr'><strong>d,</strong></span> <span class='ocrx_word' id='word_1_536' title='bbox 1217 5229 1232 5276; x_wconf 79' lang='grc'><em>6</em></span> <span class='ocrx_word' id='word_1_537' title='bbox 1372 5225 1403 5276; x_wconf 85' lang='grc'><strong>44</strong></span> <span class='ocrx_word' id='word_1_538' title='bbox 1422 5222 1465 5292; x_wconf 89' lang='lat' dir='ltr'><strong>de]</strong></span> <span class='ocrx_word' id='word_1_539' title='bbox 1483 5226 1556 5274; x_wconf 80' lang='lat' dir='ltr'><strong>verbu</strong></span> <span class='ocrx_word' id='word_1_540' title='bbox 1574 5238 1636 5287; x_wconf 79' lang='lat' dir='ltr'><strong>quae</strong></span> <span class='ocrx_word' id='word_1_541' title='bbox 1653 5230 1790 5288; x_wconf 78' lang='lat' dir='ltr'><strong>sequuntur</strong></span> <span class='ocrx_word' id='word_1_542' title='bbox 1807 5240 1883 5290; x_wconf 73' lang='grc'>44444</span> 
     </span>
     <span class='ocr_line' id='line_1_47' title="bbox 247 5308 1883 5380; baseline -0.001 -17"><span class='ocrx_word' id='word_1_543' title='bbox 247 5314 323 5376; x_wconf 81' lang='lat' dir='ltr'><strong>adp.</strong></span> <span class='ocrx_word' id='word_1_544' title='bbox 343 5317 368 5379; x_wconf 83' lang='lat'><strong>8,</strong></span> <span class='ocrx_word' id='word_1_545' title='bbox 390 5315 407 5365; x_wconf 90' lang='lat' dir='ltr'><strong>l.</strong></span> <span class='ocrx_word' id='word_1_546' title='bbox 428 5315 461 5365; x_wconf 78' lang='lat'><strong>35</strong></span> <span class='ocrx_word' id='word_1_547' title='bbox 480 5315 556 5364; x_wconf 85' lang='lat' dir='ltr'><strong>talem</strong></span> <span class='ocrx_word' id='word_1_548' title='bbox 574 5313 707 5363; x_wconf 73' lang='lat' dir='ltr'><strong>deruntd</strong></span> <span class='ocrx_word' id='word_1_549' title='bbox 824 5311 854 5363; x_wconf 89' lang='lat' dir='ltr'><strong>l&#39;l</strong></span> <span class='ocrx_word' id='word_1_550' title='bbox 875 5312 1014 5375; x_wconf 86' lang='lat' dir='ltr'><strong>potentiam</strong></span> <span class='ocrx_word' id='word_1_551' title='bbox 1037 5312 1058 5360; x_wconf 99' lang='lat' dir='ltr'><em>V</em></span> <span class='ocrx_word' id='word_1_552' title='bbox 1166 5313 1268 5362; x_wconf 85' lang='lat' dir='ltr'><strong>libertas</strong></span> <span class='ocrx_word' id='word_1_553' title='bbox 1286 5319 1326 5363; x_wconf 86' lang='lat' dir='ltr'><strong>est</strong></span> <span class='ocrx_word' id='word_1_554' title='bbox 1343 5313 1394 5362; x_wconf 88' lang='grc'>44444</span> <span class='ocrx_word' id='word_1_555' title='bbox 1417 5313 1438 5360; x_wconf 88' lang='lat' dir='ltr'><em>V</em></span> <span class='ocrx_word' id='word_1_556' title='bbox 1552 5311 1582 5362; x_wconf 89' lang='grc'><strong>49</strong></span> <span class='ocrx_word' id='word_1_557' title='bbox 1600 5326 1674 5374; x_wconf 89' lang='lat' dir='ltr'><strong>quam</strong></span> <span class='ocrx_word' id='word_1_558' title='bbox 1692 5308 1791 5380; x_wconf 89' lang='lat' dir='ltr'><strong>uocem]</strong></span> <span class='ocrx_word' id='word_1_559' title='bbox 1808 5327 1883 5374; x_wconf 88' lang='lat' dir='ltr'><strong>quam</strong></span> 
     </span>
     <span class='ocr_line' id='line_1_48' title="bbox 247 5396 1883 5466; baseline -0.002 -15"><span class='ocrx_word' id='word_1_560' title='bbox 247 5402 462 5464; x_wconf 70' lang='lat' dir='ltr'><strong>transgredietur</strong></span> <span class='ocrx_word' id='word_1_561' title='bbox 481 5402 638 5462; x_wconf 76' lang='lat' dir='ltr'><strong>signaculum</strong></span> <span class='ocrx_word' id='word_1_562' title='bbox 663 5401 688 5466; x_wconf 93' lang='lat' dir='ltr'><strong>V,</strong></span> <span class='ocrx_word' id='word_1_563' title='bbox 711 5414 787 5463; x_wconf 90' lang='lat' dir='ltr'><strong>quam</strong></span> <span class='ocrx_word' id='word_1_564' title='bbox 805 5401 855 5450; x_wconf 82' lang='lat' dir='ltr'><strong>hnc</strong></span> <span class='ocrx_word' id='word_1_565' title='bbox 873 5415 928 5450; x_wconf 85' lang='grc'>4444</span> <span class='ocrx_word' id='word_1_566' title='bbox 951 5397 1019 5447; x_wconf 80' lang='lat' dir='ltr'><strong>coit.</strong></span> <span class='ocrx_word' id='word_1_567' title='bbox 1138 5399 1171 5449; x_wconf 79' lang='lat'><strong>22</strong></span> <span class='ocrx_word' id='word_1_568' title='bbox 1190 5401 1304 5450; x_wconf 85' lang='lat' dir='ltr'><strong>excludit</strong></span> <span class='ocrx_word' id='word_1_569' title='bbox 1325 5400 1346 5448; x_wconf 99' lang='lat' dir='ltr'><em>V</em></span> <span class='ocrx_word' id='word_1_570' title='bbox 1449 5396 1481 5446; x_wconf 81' lang='lat'><strong>27</strong></span> <span class='ocrx_word' id='word_1_571' title='bbox 1500 5398 1615 5446; x_wconf 89' lang='lat' dir='ltr'><strong>introiret</strong></span> <span class='ocrx_word' id='word_1_572' title='bbox 1638 5399 1658 5446; x_wconf 93' lang='lat' dir='ltr'><em>V</em></span> <span class='ocrx_word' id='word_1_573' title='bbox 1760 5398 1793 5448; x_wconf 85' lang='lat'><strong>30</strong></span> <span class='ocrx_word' id='word_1_574' title='bbox 1812 5401 1883 5448; x_wconf 86' lang='lat' dir='ltr'><strong>beato</strong></span> 
     </span>
     <span class='ocr_line' id='line_1_49' title="bbox 247 5481 1880 5555; baseline -0.002 -17"><span class='ocrx_word' id='word_1_575' title='bbox 247 5491 356 5538; x_wconf 85' lang='lat' dir='ltr'><strong>martino</strong></span> <span class='ocrx_word' id='word_1_576' title='bbox 377 5489 399 5536; x_wconf 82' lang='lat' dir='ltr'><strong><em>G</em></strong></span> <span class='ocrx_word' id='word_1_577' title='bbox 526 5484 671 5555; x_wconf 85' lang='lat' dir='ltr'><strong>locoteiacc]</strong></span> <span class='ocrx_word' id='word_1_578' title='bbox 690 5486 711 5534; x_wconf 83' lang='lat' dir='ltr'><strong><em>G</em></strong></span> <span class='ocrx_word' id='word_1_579' title='bbox 730 5503 785 5538; x_wconf 80' lang='lat' dir='ltr'><strong>carm</strong></span> <span class='ocrx_word' id='word_1_580' title='bbox 803 5487 858 5536; x_wconf 79' lang='grc'>444.</span> <span class='ocrx_word' id='word_1_581' title='bbox 882 5483 1173 5548; x_wconf 69' lang='lat' dir='ltr'><strong>oaaarrsmd.,1oco</strong></span> <span class='ocrx_word' id='word_1_582' title='bbox 1191 5487 1271 5538; x_wconf 78' lang='grc'>444444</span> <span class='ocrx_word' id='word_1_583' title='bbox 1291 5487 1380 5546; x_wconf 83' lang='lat' dir='ltr'><strong>(talare</strong></span> <span class='ocrx_word' id='word_1_584' title='bbox 1405 5481 1446 5547; x_wconf 64' lang='lat' dir='ltr'><strong>Vl)</strong></span> <span class='ocrx_word' id='word_1_585' title='bbox 1475 5485 1502 5548; x_wconf 95' lang='lat' dir='ltr'><strong>V,</strong></span> <span class='ocrx_word' id='word_1_586' title='bbox 1530 5485 1633 5533; x_wconf 88' lang='lat' dir='ltr'><strong>totolaoo</strong></span> <span class='ocrx_word' id='word_1_587' title='bbox 1650 5486 1682 5548; x_wconf 87' lang='lat' dir='ltr'><strong>B,</strong></span> <span class='ocrx_word' id='word_1_588' title='bbox 1708 5485 1830 5535; x_wconf 84' lang='lat' dir='ltr'><strong>locediaco</strong></span> <span class='ocrx_word' id='word_1_589' title='bbox 1855 5486 1880 5549; x_wconf 85' lang='lat' dir='ltr'><strong>V,</strong></span> 
     </span>
     <span class='ocr_line' id='line_1_50' title="bbox 247 5571 1882 5638; baseline -0.001 -14"><span class='ocrx_word' id='word_1_590' title='bbox 247 5576 353 5626; x_wconf 86' lang='lat' dir='ltr'><strong>locoiaoo</strong></span> <span class='ocrx_word' id='word_1_591' title='bbox 367 5574 454 5624; x_wconf 71' lang='lat' dir='ltr'><strong>cota.-</strong></span> <span class='ocrx_word' id='word_1_592' title='bbox 473 5577 654 5625; x_wconf 86' lang='lat' dir='ltr'><strong>monastcrium</strong></span> <span class='ocrx_word' id='word_1_593' title='bbox 666 5575 881 5638; x_wconf 71' lang='lat' dir='ltr'><strong>lccotlgtaeensim</strong></span> <span class='ocrx_word' id='word_1_594' title='bbox 895 5573 1030 5634; x_wconf 75' lang='grc'>0444444444</span> <span class='ocrx_word' id='word_1_595' title='bbox 1048 5571 1121 5634; x_wconf 69' lang='lat' dir='ltr'><strong>dira,</strong></span> <span class='ocrx_word' id='word_1_596' title='bbox 1136 5571 1170 5622; x_wconf 82' lang='lat' dir='ltr'><strong>ii.</strong></span> <span class='ocrx_word' id='word_1_597' title='bbox 1186 5573 1212 5623; x_wconf 78' lang='lat'><strong>8.</strong></span> <span class='ocrx_word' id='word_1_598' title='bbox 1230 5573 1304 5622; x_wconf 81' lang='lat' dir='ltr'><strong>Mart.</strong></span> <span class='ocrx_word' id='word_1_599' title='bbox 1320 5575 1334 5619; x_wconf 91' lang='lat'><em>1</em></span> <span class='ocrx_word' id='word_1_600' title='bbox 1339 5573 1365 5632; x_wconf 88' lang='lat' dir='ltr'><strong>V,</strong></span> <span class='ocrx_word' id='word_1_601' title='bbox 1377 5573 1411 5621; x_wconf 89' lang='grc'>30</span> <span class='ocrx_word' id='word_1_602' title='bbox 1498 5585 1649 5638; x_wconf 77' lang='lat' dir='ltr'><strong>eouaurgere</strong></span> <span class='ocrx_word' id='word_1_603' title='bbox 1665 5571 1687 5619; x_wconf 93' lang='lat' dir='ltr'><em>V</em></span> <span class='ocrx_word' id='word_1_604' title='bbox 1783 5572 1814 5622; x_wconf 92' lang='grc'>31</span> <span class='ocrx_word' id='word_1_605' title='bbox 1834 5573 1882 5621; x_wconf 88' lang='lat' dir='ltr'><strong>all-</strong></span> 
     </span>
     <span class='ocr_line' id='line_1_51' title="bbox 249 5662 401 5726; baseline -0.013 -14"><span class='ocrx_word' id='word_1_606' title='bbox 249 5669 357 5726; x_wconf 84' lang='lat' dir='ltr'><strong>quantos</strong></span> <span class='ocrx_word' id='word_1_607' title='bbox 381 5662 401 5710; x_wconf 98' lang='lat' dir='ltr'><em>V</em></span> 
     </span>
    </p>
   </div>
   <div class='ocr_carea' id='block_1_5' title="bbox 0 0 2232 6197">
    <p class='ocr_par' dir='ltr' id='par_1_16' title="bbox 0 0 2232 6197">
     <span class='ocr_line' id='line_1_52' title="bbox 0 0 2232 6197; baseline 0 0"><span class='ocrx_word' id='word_1_608' title='bbox 0 0 2232 6197; x_wconf 95' lang='lat' dir='ltr'><strong> </strong></span> 
     </span>
    </p>
   </div>
  </div>
 </body>
</html>
