4440 6216
753 1808 889 1907 VITA
921 1807 1118 1924 sundri
1149 1809 1375 1910 HILARII.

340 2043 379 2126 (1)
408 2043 548 2108 Domuo
571 2059 701 2108 saucro
724 2060 767 2107 sn
790 2059 928 2108 numme
950 2059 1152 2110 sunrrssmo
1175 2060 1276 2108 anum
1299 2043 1490 2110 Pascnuno
1513 2061 1621 2110 aaran
1637 2045 1877 2110 Foarvuarvs.
1903 2042 1919 2106 1

249 2146 407 2232 Religiosi
429 2146 566 2232 pectoris
589 2145 695 2212 studio
718 2145 912 2212 sollicitante
935 2146 1153 2228 commonitus,
1181 2166 1255 2232 quo,
1280 2167 1367 2232 papa
1380 2147 1578 2228 beatissime,
1604 2147 1722 2214 divinis
1744 2147 1779 2214 in
1800 2148 1882 2216 acti-

250 2251 310 2316 bus
340 2251 423 2316 sacri
454 2249 695 2316 conversatione
725 2249 881 2336 propositi
910 2249 1029 2336 iugiter
1058 2249 1244 2316 exercitaris
1272 2249 1415 2317 intentus
1444 2257 1477 2317 et
1502 2249 1643 2318 intendis
1666 2257 1814 2335 exertus,
1848 2259 1883 2318 ut

217 2353 344 2420 aiacile
375 2353 418 2420 sit
446 2352 650 2441 perspicuum
681 2353 724 2419 ad
756 2355 913 2421 culturam
944 2353 1184 2421 ecclesiasticae
1214 2353 1404 2439 disciplinae
1434 2360 1467 2420 et
1496 2353 1597 2421 fuisse
1626 2362 1658 2422 te
1685 2355 1829 2438 genitum
1851 2360 1884 2421 et

249 2477 321 2525 esse
351 2467 553 2544 provectum:
588 2456 861 2541 inrefragabiliter
889 2457 1009 2524 veteris
1032 2457 1254 2543 dispositionis
1276 2477 1315 2524 ac
1337 2457 1487 2524 catholici
1509 2459 1669 2543 dogmatis
1691 2458 1884 2525 fundamen·

249 2569 316 2628 tum
345 2568 453 2629 custos
476 2563 650 2628 observans
674 2566 706 2626 et
727 2561 771 2626 ad
793 2560 1051 2628 aedificationem
1075 2561 1180 2647 plebis
1202 2561 1444 2628 amantissimae
1466 2563 1567 2628 veluti
1588 2563 1692 2629 bonus
1713 2563 1886 2630 instructor

248 2665 417 2732 adiciendo
436 2665 560 2750 aliquid
576 2666 703 2731 culmen
718 2664 862 2731 fabricae
878 2664 1064 2731 continuare
1080 2664 1237 2731 festinans
1251 2684 1316 2731 non
1331 2665 1401 2731 sine
1417 2665 1529 2732 timore
1545 2665 1664 2734 divino.
1717 2669 1757 2754 (2)
1784 2667 1885 2734 (iuius

249 2769 355 2854 open‘s
377 2790 485 2836 amore
507 2775 700 2854 praeventus
724 2788 761 2834 eo
784 2788 887 2852 usque
910 2789 961 2834 me
985 2768 1138 2852 dignatus
1161 2786 1197 2834 es
1218 2787 1427 2854 perurguere,
1453 2788 1516 2852 quo
1532 2769 1573 2836 de
1588 2770 1716 2836 actibus
1732 2770 1885 2836 sacratis-

204 2895 232 2936 ro
252 2872 324 2937 simi
346 2872 407 2936 viri
428 2871 545 2938 Hilarii
569 2871 771 2954 confessoris,
798 2872 854 2954 qui
875 2877 907 2937 te
925 2872 966 2937 ab
981 2871 1062 2957 ipsis
1078 2871 1247 2937 cunabulis
1260 2878 1335 2937 ante
1351 2892 1411 2938 sua
1425 2873 1564 2956 vestigia
1579 2873 1673 2957 quasi
1687 2873 1884 2959 peculiarem

250 2976 417 3040 vernulam
441 2975 643 3042 familiariter
666 2975 828 3057 enutrivit,
856 2981 891 3041 ut
912 2974 1051 3060 impensi
1072 2975 1214 3041 muneris
1236 2975 1289 3040 vel
1311 2977 1411 3042 verba
1424 2976 1631 3061 rependeres,
1656 2976 1730 3042 ideo
1745 2977 1806 3043 etsi
1821 2996 1885 3043 non

250 3078 348 3163 plena
363 3079 416 3144 vel
432 3099 472 3145 ex
488 3085 579 3164 parte
595 3079 765 3164 complexa
780 3079 1048 3165 perstringerem:
1074 3077 1224 3163 quatinus
1240 3077 1315 3144 dum
1332 3078 1383 3145 sui
1397 3079 1506 3163 gregis
1521 3078 1652 3145 auribus
1667 3099 1729 3145 vox
1744 3079 1885 3164 quodam

251 3181 345 3247 modo
376 3189 407 3248 et
434 3181 502 3248 vita
523 3182 661 3268 paston's
684 3181 899 3267 antiquissimi
920 3189 1101 3265 resonaret,
1137 3186 1169 3248 et
1190 3181 1247 3248 ille
1268 3182 1419 3268 probaret
1440 3181 1651 3248 ministerium
1675 3183 1798 3269 etipse
1821 3203 1885 3248 non

251 3285 375 3350 celares
397 3285 558 3351 affectum.
611 3287 650 3372 (3)
678 3285 743 3352 Sed
775 3307 846 3352 cum
875 3285 939 3352 mei
968 3285 1090 3370 ingenii
1119 3284 1311 3352 brevitatem
1339 3305 1507 3369 mensuro,
1541 3285 1624 3352 adeo
1653 3285 1741 3352 beati
1765 3285 1882 3351 Hilarii
1903 3287 1936 3351 11

203 3415 231 3454 ιι
250 3389 498 3455 immensitatem
524 3390 637 3456 fortem
661 3409 835 3474 cognosco,
870 3396 906 3456 ut
927 3410 1011 3476 pene
1033 3390 1111 3456 mibi
1133 3390 1283 3456 videatur
1304 3390 1441 3473 aequale
1464 3395 1529 3454 tam
1551 3389 1638 3454 istud
1658 3408 1755 3475 posse
1778 3389 1884 3456 dicere

251 3514 348 3577 quam
371 3494 473 3579 digito
496 3495 621 3566 caelum
643 3501 795 3579 tangere,
824 3495 1015 3580 praesertim
1039 3495 1124 3579 quod
1148 3495 1246 3562 etiam
1268 3501 1303 3561 ut
1324 3493 1421 3560 audio
1442 3493 1530 3560 beati
1551 3493 1739 3578 Hieronymi
1761 3500 1884 3560 torrens

249 3599 332 3665 illud
362 3597 525 3682 eloquium
555 3597 753 3665 recusaverit
772 3604 982 3684 attemptare,
1017 3599 1071 3684 qui
1094 3598 1250 3665 materiae
1274 3599 1344 3665 eius
1367 3617 1401 3665 se
1423 3598 1580 3682 imparem
1603 3604 1737 3664 eatenus
1758 3597 1884 3664 iudica-

251 3703 348 3784 ven't,
375 3708 411 3768 ut
432 3708 562 3767 taceret.
616 3704 655 3784 (4)
683 3703 754 3786 Ego
777 3722 853 3768 vero
876 3703 929 3768 cui
951 3702 1071 3768 nullius
1094 3702 1250 3769 scientiae
1271 3701 1400 3786 inrigua
1421 3701 1543 3767 iiuenta
1566 3707 1760 3784 succurrunt,
1788 3721 1884 3785 quem

251 3806 305 3871 vix
329 3804 486 3872 stillicidii
507 3805 660 3891 pauperis
682 3812 849 3872 attenuata
871 3812 963 3890 gutta
985 3805 1147 3892 perfudit,
1181 3805 1263 3871 nihil
1285 3805 1414 3892 proprio
1436 3805 1477 3871 de
1500 3804 1586 3872 fonte
1608 3805 1785 3891 respirans,
1820 3825 1884 3889 qua

201 3931 231 3974 ao
250 3910 430 3976 temeritate
459 3908 544 3975 inter
570 3908 716 3994 ingentia
744 3908 879 3974 flumina
907 3909 1063 3976 Eufraten
1091 3909 1208 3976 Hilarii
1238 3915 1270 3976 et
1298 3908 1408 3975 Nilum
1438 3908 1627 3995 Hieronymi
1656 3908 1757 3974 siccos
1786 3907 1884 3974 velim

252 4032 364 4080 cursus
392 4012 584 4097 extendere,
616 4034 687 4079 cum
710 4013 751 4079 de
774 4012 830 4079 illo
854 4013 950 4080 etiam
973 4013 1151 4081 doctissimi
1173 4013 1233 4078 viri
1255 4011 1408 4100 quicquid
1430 4011 1537 4080 dicere
1559 4018 1746 4097 potuerunt,
1778 4010 1885 4078 minus

341 4291 352 4340 i
380 4307 409 4340 rs
434 4307 539 4340 canuam
563 4305 668 4340 vontus
694 4305 794 4340 rucrrrr
815 4306 878 4341 vrrs
897 4306 992 4342 sarem
1010 4306 1043 4342 ac
1061 4306 1212 4341 erumnarum
1231 4305 1344 4341 uunamr
1361 4305 1479 4341 rarecort
1497 4305 1530 4340 nr
1547 4305 1722 4342 conrasaoms
1740 4305 1886 4343 eouroarra

253 4394 270 4430 a
288 4393 387 4430 sunere
405 4393 561 4430 rorarvvaro
579 4393 748 4428 rasssrrsso
765 4381 796 4444 G,
816 4393 919 4430 rscmrr
936 4393 1069 4430 nnonocvs
1087 4395 1116 4428 rs
1135 4393 1219 4430 vrrnrr
1237 4393 1331 4430 sauorr
1349 4393 1463 4428 urnaarr
1481 4393 1600 4430 srrscorr
1618 4393 1652 4428 su
1667 4393 1839 4430 cornescere
1856 4381 1883 4444 V,

252 4469 342 4517 lemma
360 4468 445 4518 cm.A
513 4469 643 4528 prologum
660 4467 740 4515 allum
757 4481 862 4530 mosque
880 4469 1012 4518 breviorem
1031 4468 1119 4518 babeat
1132 4469 1191 4518 XV:
1210 4469 1305 4532 Incipit
1322 4469 1438 4531 prologus
1456 4481 1489 4516 ex
1506 4468 1587 4528 gestia
1606 4468 1686 4518 saneti
1704 4468 1788 4518 hilarii
1807 4470 1888 4532 picta·

254 4555 351 4602 niensis
369 4554 482 4618 episcopi
504 4553 538 4616 (et
556 4555 704 4602 confessoris
722 4553 781 4602 cdd.
802 4556 850 4618 Υ),
877 4555 944 4617 quod
962 4560 1002 4603 eat
1021 4555 1056 4618 (q.
1077 4569 1100 4606 a.
1120 4569 1167 4604 οιη.
1189 4554 1220 4617 Υ)
1242 4555 1300 4604 idus
1318 4555 1434 4604 ianuarii.
1471 4555 1613 4603 beatissimi
1634 4554 1718 4603 hilarii
1735 4556 1886 4606 confessoris

257 4641 400 4702 (confratres
413 4640 449 4703 Χ)
471 4641 549 4688 uitam
575 4640 617 4688 uel
639 4654 713 4703 opera
738 4655 788 4690 non
813 4643 890 4690 unius
915 4643 961 4691 sed
985 4642 1120 4690 multorum
1145 4646 1243 4705 patrum
1266 4641 1300 4704 [p.
1321 4656 1369 4691 cm.
1389 4639 1419 4703 Υ)
1440 4641 1562 4689 relatione
1581 4643 1747 4703 comperimus
1765 4643 1793 4689 in
1811 4641 1886 4690 laude

254 4728 348 4777 domini
372 4729 453 4778 nostrl
477 4728 532 4776 iesu
559 4726 646 4776 ebriati
664 4729 800 4778 memoriae
817 4729 935 4778 traditam
953 4735 979 4777 et
997 4729 1143 4778 bellatorem
1162 4727 1248 4778 ebrini
1267 4741 1353 4778 eorum
1371 4729 1502 4792 opusculis
1519 4732 1603 4776 contra
1621 4728 1680 4778 arrii
1697 4727 1826 4790 perfidiam
1844 4728 1886 4777 lu-

253 4814 427 4864 culentissime
446 4815 505 4862 tiore
523 4815 679 4890 defloratum,
701 4818 727 4862 et
744 4815 772 4862 in
791 4816 942 4877 multiplicia
962 4815 1137 4878 (multiplicem
1151 4813 1199 4876 Χῖ,
1219 4813 1362 4877 multiplice
1375 4811 1422 4878 lii)
1441 4817 1470 4863 in
1491 4813 1526 4876 (ln
1545 4828 1594 4862 raa.
1610 4813 1645 4875 Χ)
1667 4814 1723 4863 eiua
1745 4815 1790 4876 (eis
1808 4815 1839 4864 ad
1857 4816 1883 4878 Υ)

255 4913 315 4948 uere
335 4901 396 4949 fidei
414 4901 596 4949 contessionem
614 4905 701 4950 texere
719 4906 790 4964 gesta
811 4903 861 4964 (ere
879 4907 949 4962 gesta
965 4916 1016 4950 aaa.
1032 4903 1057 4948 Χ
1062 4903 1081 4962 ).
1113 4901 1287 4950 huiuscemodi
1303 4901 1337 4963 ire
1349 4901 1408 4950 odd.
1430 4901 1461 4962 Υ)
1480 4902 1569 4950 beatus
1588 4901 1743 4949 hieronimus
1761 4901 1887 4950 maximus

254 4987 388 5048 stipulator
411 4988 501 5036 enitet.
539 4987 647 5048 qualiter
672 4989 714 5036 nel
735 4989 857 5050 quomodo
875 4989 903 5036 iu
921 4988 1014 5048 syuodo
1033 4988 1179 5037 ariminensi
1197 4989 1351 5050 temporibus
1369 4988 1504 5037 mustantii
1522 4988 1643 5051 principia
1662 4987 1709 5036 sub
1726 4990 1797 5035 tauro
1815 5001 1887 5049 prae·

253 5075 318 5123 fecto
337 5075 410 5122 miles
429 5074 516 5123 ebriati
534 5073 659 5122 dimicarit
679 5074 868 5137 (dimicauitli)
888 5075 1044 5138 exiliumque
1063 5075 1198 5138 pertulerit
1216 5076 1302 5136 frigiae
1320 5076 1480 5138 lustrumque
1498 5075 1650 5135 exulanerit,
1671 5073 1787 5122 omnibus
1805 5077 1887 5123 rectae

255 5161 361 5223 piaeque
379 5160 439 5209 ildei
457 5161 606 5223 sequacibus
625 5166 712 5210 notum
731 5161 840 5210 babetur
943 5160 959 5211 2
977 5175 1002 5212 a.
1023 5175 1045 5212 r.
1067 5175 1093 5212 r.
1112 5158 1152 5228 m]
1168 5162 1220 5224 VA,
1240 5160 1274 5222 ef.
1291 5160 1362 5222 infra
1374 5176 1400 5222 p.
1415 5163 1440 5223 7,
1455 5163 1474 5212 i.
1489 5161 1530 5223 12,
1551 5160 1624 5208 beato
1635 5159 1702 5222 patri
1715 5159 1846 5209 Pascentlo
1866 5161 1887 5209 d

257 5244 406 5314 iexertus]
428 5245 495 5310 (lbi,
515 5248 670 5297 exercitatus
692 5247 720 5308 V,
740 5246 776 5308 cf.
796 5247 1018 5312 caen.1,1v⁶,r
1125 5247 1215 5297 beare
1234 5253 1260 5297 te
1278 5249 1460 5311 perfeetumG
1563 5245 1774 5309 inrefragabiliter
1790 5273 1826 5284 —
1843 5248 1887 5295 ob-

255 5347 359 5383 aernaus
376 5361 412 5370 -
429 5329 566 5400 festinans]
589 5333 619 5395 G,
639 5347 697 5382 cnm
716 5335 797 5384 irrefr.
817 5359 853 5371 -
870 5335 985 5383 obseruas
1002 5359 1038 5372 ·-
1055 5335 1162 5383 festinas
1184 5334 1227 5383 VA
1359 5330 1398 5401 ac]
1416 5347 1464 5382 cm.
1484 5332 1525 5381 VA
1658 5331 1824 5381 fundamenta
1846 5333 1888 5382 VA

254 5421 428 5472 badbibeudo
444 5420 486 5469 VA
591 5416 760 5487 tenusque]
776 5421 805 5481 G,
820 5435 869 5470 om.
889 5421 916 5482 V,
932 5422 1073 5483 elnaqneA
1181 5419 1212 5470 10
1230 5421 1320 5470 helarii
1335 5417 1377 5482 0¹,
1392 5420 1483 5480 hylarii
1494 5423 1523 5467 ut
1536 5420 1613 5468 soleat
1630 5418 1674 5467 VA
1779 5417 1808 5468 ii
1829 5433 1888 5470 uer·

254 5507 373 5556 naculum
396 5506 436 5554 VA
561 5505 589 5556 ii
610 5503 680 5574 ideo]
698 5521 743 5567 ego
768 5506 794 5569 V,
816 5507 842 5557 id
860 5521 905 5567 ego
923 5508 946 5555 A
1071 5507 1102 5560 12
1120 5503 1208 5574 plena]
1229 5505 1287 5556 0¹V
1407 5505 1489 5568 gregis
1507 5501 1622 5572 auribus]
1644 5505 1693 5570 VA,
1715 5507 1841 5567 gregibus,
1861 5509 1889 5555 ia

252 5595 331 5644 litura
348 5595 416 5654 gregi
437 5593 458 5642 G
586 5592 617 5643 13
636 5595 777 5643 misterinm
798 5592 856 5642 G¹A
981 5592 1011 5643 ib
1030 5595 1092 5643 forta
1114 5594 1135 5643 G
1259 5591 1290 5643 16
1310 5588 1400 5660 digito]
1417 5589 1503 5641 errati
1616 5593 1684 5642 beati
1702 5599 1732 5642 ut
1749 5592 1823 5642 audio
1846 5591 1889 5641 VA

257 5679 287 5730 i'i
305 5680 424 5730 mamriae
443 5675 511 5748 eius]
530 5680 645 5730 materiei
669 5680 711 5729 VA
816 5678 848 5731 20
867 5675 963 5748 hilarii]
979 5680 1047 5730 beati
1066 5680 1112 5733 hil.
1138 5681 1180 5728 VA
1285 5679 1367 5730 sicana
1390 5679 1432 5730 VA
1536 5676 1567 5728 ti
1588 5674 1650 5745 uiri]
1667 5692 1715 5730 ora.
1735 5678 1779 5727 VA

332 5781 461 5825 Venas-mre
475 5781 632 5825 Formaarva.
1668 5783 1678 5834 l
