4336 6262
328 313 389 374 102
631 303 828 364 OPVSGVLA
845 307 1040 364 VENANTIO
1059 305 1290 366 FORTVNATO
1308 308 1412 365 MALE
1431 306 1655 366 ATTRIBVTA

279 573 282 582 ¹
324 497 446 580 ingenii
474 497 708 564 restauratione
739 496 952 565 commendat.
1012 497 1051 582 (3)
1078 498 1150 565 Hae
1178 518 1255 582 ergo
1284 498 1539 565 consideratione
1569 499 1741 565 audaciam
1770 500 1895 566 nimiae
1920 507 1976 566 te-

324 601 481 667 meritatis
519 600 711 682 adsumens,
752 621 836 685 qnae
864 602 962 684 longo
980 601 1144 686 'temporis
1174 602 1302 669 fuerant
1330 603 1521 668 obumbrata
1552 602 1681 668 silentio
1710 603 1816 688 ipsius
1846 603 1978 669 divini-

324 703 401 770 tatis
424 703 546 770 auxilio
569 711 721 789 suscepta
743 710 818 771 sunt
840 697 1027 771 reseranda.
1071 705 1112 770 Et
1135 712 1170 771 ut
1193 705 1290 771 babet
1312 704 1529 772 testimonium
1552 706 1698 773 veritads
1720 707 1796 792 plus
1818 706 1976 772 fidelium

325 815 399 875 sunt
427 789 583 875 relatione
614 815 795 894 comperta,
828 827 924 890 qnam
953 809 1126 893 probentur
1155 808 1197 873 ad
1219 828 1278 874 nos
1301 808 1439 874 lectione
1460 809 1663 875 transmissa.
1715 813 1755 895 (4)
1784 809 1880 876 Vnde
1903 829 1976 874 non

327 913 396 978 sine
420 919 508 978 certa
529 911 755 978 aestimatione
778 911 942 994 conicitur,
969 911 1057 995 quod
1079 912 1206 978 novitas
1229 911 1337 977 adhuc
1358 913 1556 978 credentium
1579 913 1769 998 popuiomm
1792 912 1975 998 gentilium
1999 933 2014 973 ι

325 1014 516 1081 crudelitate
539 1013 711 1080 conterrita
734 1014 920 1080 formidavit
943 1015 1098 1097 scribere,
1126 1013 1213 1097 qnod
1235 1021 1343 1081 tamen
1366 1014 1530 1099 gaudebat
1552 1015 1606 1081 dei
1628 1015 1768 1082 famulos
1792 1015 1970 1096 meruisse,

324 1139 396 1184 cum
428 1118 498 1184 sine
529 1117 627 1184 dubio
649 1117 832 1184 iudicentur
854 1117 974 1203 scripta
995 1138 1079 1201 quae
1102 1117 1247 1183 fidelium
1271 1137 1375 1183 sermo
1397 1125 1534 1184 testatur
1555 1119 1700 1204 impleta.
1750 1119 1791 1204 (5)
1819 1118 1973 1186 Creden-

284 1213 288 1220 ’
325 1223 401 1288 dum
431 1221 516 1287 enirn
547 1219 588 1286 de
618 1220 669 1286 his
700 1228 749 1286 est
778 1228 812 1287 et
838 1222 986 1287 abstersa
1014 1220 1189 1288 dubietatis
1220 1221 1305 1286 nube
1334 1221 1410 1287 totis
1439 1221 1561 1288 viribus
1593 1221 1808 1289 confitendum
1831 1242 1888 1288 eos
1913 1224 1974 1307 qni

324 1346 381 1410 pro
412 1323 615 1400 confessione
644 1322 766 1389 domini
795 1345 835 1390 ac
862 1324 917 1390 dei
945 1323 1045 1389 nostri
1075 1323 1168 1408 digni
1190 1322 1320 1388 fuerunt
1343 1323 1451 1390 subire
1473 1324 1662 1410 martyuinm
1685 1325 1781 1392 etiam
1805 1325 1974 1412 ampliora

323 1429 463 1494 tolerare
484 1427 639 1510 valuisse,
669 1447 767 1510 quam
790 1426 920 1493 videtur
941 1426 1188 1493 suceedentibus
1212 1426 1373 1493 aetatibus
1396 1428 1511 1494 relatio
1534 1448 1592 1513 per
1614 1430 1750 1515 populos
1773 1429 1973 1497 transmissa
1996 1451 2029 1491 ro

324 1531 479 1598 recolere.
531 1532 571 1615 (6)
599 1529 638 1596 ld
660 1549 737 1614 ergo
761 1529 954 1616 supplicatio
977 1530 1154 1597 communis
1177 1531 1338 1612 obteneat,
1368 1537 1403 1598 ut
1425 1531 1553 1597 veniam
1576 1539 1791 1616 consequatur
1812 1533 1967 1616 devotus,

324 1636 352 1700 si
382 1633 462 1717 quid
492 1633 534 1699 de
563 1632 736 1699 virtutibus
764 1633 982 1719 praetermisit
1008 1634 1153 1718 ignarus.
1201 1633 1286 1700 Nam
1317 1634 1381 1700 etsi
1411 1635 1518 1700 omnia
1546 1655 1610 1701 non
1639 1655 1717 1702 ase
1740 1636 1965 1719 exsolvuntur,

324 1737 456 1804 credere
480 1736 674 1803 universitas
697 1745 868 1819 mereatur,
895 1744 930 1802 ut
953 1737 1006 1803 dei
1029 1737 1171 1804 samnius
1193 1737 1259 1802 iam
1281 1738 1404 1803 maiora
1427 1738 1545 1803 sentiat
1567 1758 1664 1821 quam
1679 1758 1783 1804 sermo
1799 1741 1970 1824 passionis

324 1841 490 1926 explanat.
555 1841 593 1924 (7)
627 1833 774 1918 Qualiter
802 1842 888 1907 enim
921 1843 1023 1907 cultor
1050 1840 1172 1907 domini
1202 1841 1292 1907 iocus
1322 1841 1392 1907 eius
1422 1841 1569 1925 gaudens
1599 1843 1810 1926 patrocinium
1842 1844 1969 1912 habere

324 1945 508 2030 promeruit,
535 1944 564 2010 si
586 1963 711 2027 quoqne
734 1943 828 2010 modo
850 1945 987 2010 aliorum
1010 1951 1194 2010 sanctorum
1216 1943 1359 2010 iunctum
1382 1943 1432 2010 illi
1454 1945 1682 2029 agnoverimus
1704 1945 1807 2013 inisse
1830 1967 1969 2015 consor-
1991 1965 2025 2007 1⁵

323 2049 404 2114 tium
426 2048 540 2113 -sio
563 2046 707 2113 fidelium
729 2047 887 2113 relatione
918 2046 1090 2112 didicimus
1114 2084 1164 2128 —,
1193 2047 1334 2132 ipsorum
1356 2048 1522 2114 iuvamina
1545 2055 1719 2134 martyrum
1743 2058 1901 2132 qnantum
1925 2053 1969 2120 de

325 2172 359 2218 se
382 2152 465 2218 scire
487 2151 632 2217 tribuunt
654 2147 864 2236 explicemus.
1821 2173 1832 2212 ι

269 2253 302 2319 II
416 2257 454 2338 (8)
482 2254 560 2319 Post
581 2251 702 2318 domini
724 2253 825 2318 nostri
847 2253 923 2318 Iesu
938 2252 1058 2319 Christi
1082 2253 1283 2320 salutiferam
1306 2254 1502 2340 passionem,
1527 2261 1602 2339 post
1624 2256 1866 2322 resurrectionis
1890 2259 1969 2323 uni-

324 2380 383 2427 cae
406 2356 644 2442 singularisque
665 2356 864 2441 mysterium,
891 2362 964 2441 post
985 2357 1209 2422 ascensionem
1233 2356 1313 2438 eius,
1340 2377 1406 2439 qua
1428 2357 1648 2423 manifestavit
1670 2358 1853 2426 hominibus
1867 2381 1968 2426 nnm-

323 2482 420 2546 quam
455 2480 490 2526 se
524 2459 669 2526 defuisse
703 2479 766 2543 quo
797 2458 910 2540 rediit,
949 2460 1166 2544 apostolorum
1196 2459 1394 2545 praedicatio
1425 2459 1584 2526 universis
1614 2461 1765 2544 gentibus
1792 2462 1969 2546 profutura
1990 2481 2023 2522 20

323 2565 489 2632 suecessit.
545 2565 583 2644 19)
611 2563 674 2641 Qui
697 2581 770 2628 eum
791 2563 952 2628 inminere
975 2581 1051 2628 suas
1076 2569 1243 2628 comerent
1264 2563 1451 2648 passiones,
1477 2583 1561 2647 quae
1584 2562 1713 2630 domino
1736 2565 1810 2631 Iesu
1834 2567 1967 2634 Christo

324 2669 458 2735 docente
488 2666 668 2732 didicerunt
697 2666 813 2752 repleti
836 2665 969 2749 spiritus
991 2665 1095 2731 sancti
1118 2666 1224 2750 matis
1245 2665 1433 2749 docuerunt,
1464 2667 1547 2732 adeo
1569 2673 1605 2734 ut
1625 2666 1689 2734 tide
1711 2676 1876 2736 crescente
1900 2692 1968 2738 nou

324 2771 420 2857 pauci
447 2776 646 2838 mererentur
676 2769 745 2835 fieri
777 2768 997 2849 consessores,
1035 2789 1115 2852 quos
1145 2769 1350 2855 postmodum
1379 2769 1521 2836 ecelesia
1550 2770 1709 2836 catholica
1736 2771 1860 2854 gaudet
1890 2794 1969 2859 pro-

324 2873 481 2940 meruisse
504 2881 673 2958 martyres.
726 2875 787 2956 (10)
815 2873 883 2938 Hos
914 2891 993 2956 ergo
1022 2892 1156 2956 quorum
1179 2873 1328 2939 virtutem
1351 2879 1594 2957 persecutorum
1616 2893 1680 2939 non
1702 2876 1886 2959 praevaluit
1910 2897 1968 2942 su-

324 2997 437 3064 perare
461 2975 638 3056 conflictus,
665 2995 745 3060 quos
768 2974 811 3041 ad
834 2976 905 3041 auri
928 2974 1171 3041 similitudinem
1194 2974 1336 3043 reddidit
1356 2975 1558 3041 flammarum
1581 2976 1777 3042 examinatio
1803 2979 1968 3063 pretiosos
1989 3001 2022 3042 aa

325 3081 367 3147 ad
402 3079 609 3165 suscipienda
642 3079 797 3144 mandatu
822 3067 953 3143 'domini
980 3077 1113 3145 idoneos
1143 3079 1360 3163 apostolomm
1390 3098 1463 3144 esse
1493 3076 1648 3146 iudicavit
1677 3081 1807 3162 electio,
1831 3079 1968 3164 'quibus

325 3183 516 3268 evangeliea
548 3183 672 3248 semina
702 3181 854 3266 gentibus
877 3179 1016 3246 serenda
1039 3181 1261 3247 committeret.
1309 3181 1494 3263 Eieetisque
1517 3180 1595 3248 viris
1618 3181 1673 3249 dei
1695 3182 1910 3267 dispositione
1934 3193 1968 3251 et

323 3286 544 3373 providentia,
574 3285 693 3373 honori,
714 3284 926 3351 decrevemnt
953 3284 1176 3370 episcopatum
1199 3283 1395 3370 adiungere,
1421 3305 1485 3368 qno
1508 3284 1637 3352 facilius
1660 3307 1769 3353 eorum
1792 3287 1968 3372 praedica-

323 3392 466 3459 tionibus
498 3389 653 3473 sdqnisiti
683 3389 726 3454 ad
756 3387 969 3454 ministerium
993 3389 1076 3454 sacri
1099 3388 1352 3474 proveherentur
1373 3389 1496 3454 aitaris.
1550 3391 1610 3474 (11)
1638 3389 1688 3454 Ex
1710 3409 1774 3473 qua
1796 3390 1968 3458 confesso-

324 3516 394 3561 rum
424 3495 519 3560 turba
550 3500 696 3559 sanctum
719 3499 751 3558 et
773 3490 952 3558 venerandi
973 3491 1080 3558 meriti
1102 3491 1310 3557 Saturninum
1332 3492 1470 3577 primum
1493 3511 1528 3558 se
1550 3494 1627 3560 urbs
1650 3493 1812 3558 Toiosana
1834 3513 1967 3580 prome·
1988 3519 2019 3557 so

324 3597 430 3663 ruisse
461 3595 584 3679 gaudet
612 3597 819 3682 episcopum,
855 3614 953 3678 quem
981 3594 1133 3679 impietas
1165 3595 1367 3680 peccantium
1399 3595 1589 3680 populorum
1618 3595 1848 3680 posterioribus
1879 3599 1968 3664 tauri

324 3699 434 3766 multis
468 3697 594 3765 funium
623 3699 761 3764 nexibus
792 3698 965 3781 inligatum
996 3697 1088 3764 dedit
1118 3697 1303 3783 capitulinis
1332 3698 1488 3780 gradibus
1518 3697 1735 3779 inlidendum,
1773 3699 1829 3764 ubi
1860 3702 1967 3768 sancti

324 3804 440 3888 capitis
470 3801 576 3868 soluta
606 3821 752 3886 conpage
783 3802 951 3868 cerebrum
973 3801 1151 3883 frequentis
1174 3799 1332 3866 inlisionis
1355 3801 1508 3886 dispersit
1528 3800 1660 3882 iniuria,
1696 3801 1755 3868 sed
1781 3803 1883 3869 talem
1913 3805 1968 3870 di-

325 3925 475 3972 scensum
498 3904 629 3971 meliore
652 3904 801 3970 vehiculo
824 3903 868 3970 ad
890 3903 1053 3970 dominnm
1077 3911 1127 3970 est
1152 3910 1281 3970 secutus
1302 3922 1468 3970 ascensus.
1508 3903 1602 3970 Felix
1617 3895 1698 3970 tanti
1713 3905 1819 3972 meriti
1833 3913 1967 3973 tantae-

324 4028 387 4091 que
417 4007 544 4073 virtutis
575 4025 729 4092 persona,
764 4007 817 4072 cui
848 4027 1037 4074 eoncessum
1067 4013 1117 4073 est
1143 4005 1284 4090 primum
1315 4006 1477 4072 doctorem
1506 4026 1579 4073 esse
1608 4007 1655 4074 sic
1684 4015 1874 4093 martyrem,
1908 4011 1968 4093 qni
1988 4033 2019 4072 aa

328 4185 492 4192 .-—.—-—-.-.
520 4184 741 4191 .———-—-.

411 4303 513 4352 30-34
536 4303 591 4350 Vita
609 4303 636 4351 S.
651 4303 785 4350 Saturnini
804 4307 858 4352 ab
879 4300 1005 4364 (Balacri,
1028 4303 1091 4350 Acin
1111 4306 1185 4352 mart.
1206 4302 1243 4351 sd.
1260 4302 1318 4350 lint.
1335 4317 1361 4363 p.
1378 4303 1453 4363 1⁷9i=
1480 4303 1606 4352 Postrema
1629 4303 1697 4350 enim
1716 4309 1786 4365 perte
1803 4303 1875 4352 lunis
1893 4305 1967 4355 illius

324 4403 387 4453 quse
412 4389 443 4437 sd
466 4389 604 4450 posteriora
628 4389 693 4436 tauri
717 4388 797 4449 ipsius
824 4388 952 4437 detinebat
974 4389 1055 4437 saneti
1080 4391 1130 4436 viri
1154 4388 1231 4451 pedes
1250 4388 1357 4449 inligant
1376 4396 1511 4451 actumque
1530 4388 1641 4439 stimulis
1658 4389 1792 4437 sonoribus
1810 4395 1915 4440 taurum
1932 4391 1966 4440 ds

323 4475 446 4536 superiori
470 4474 584 4537 capitolii
607 4479 678 4536 perte
703 4475 730 4523 in
752 4475 828 4537 pians
847 4475 1022 4536 praecipitant.
1062 4475 1114 4524 Nee
1131 4487 1200 4523 mors
1217 4476 1284 4524 inter
1301 4475 1393 4538 primos
1413 4475 1549 4524 descensus
1567 4475 1648 4537 ipsius
1666 4475 1757 4536 grsdm
1775 4477 1858 4538 capite
1876 4477 1968 4528 colliso

323 4562 473 4623 cerebroque
498 4573 605 4610 excusso
629 4567 656 4609 et
680 4561 748 4609 omni
774 4562 940 4610 membrorum
964 4569 1036 4623 parte
1060 4574 1160 4624 corpore
1185 4561 1306 4622 lacerato,
1334 4561 1437 4623 dignam
1462 4561 1508 4610 deo
1527 4562 1637 4610 animam
1655 4561 1772 4611 christus
1789 4563 1907 4626 excepit,
1935 4569 1968 4613 ut

323 4661 399 4710 quem
416 4661 460 4709 pro
479 4648 581 4696 nomine
600 4660 644 4696 suo
662 4648 772 4696 inoliter
790 4649 954 4696 dimicantem
973 4649 1109 4712 suppliciis
1126 4649 1195 4697 furor
1214 4649 1319 4708 gentiiis
1337 4652 1479 4698 extorserat
1502 4648 1557 4696 suis
1579 4652 1636 4710 post
1660 4647 1789 4696 victoriam
1807 4648 1903 4698 laureis
1922 4663 1967 4700 eo·

323 4740 429 4784 ronaret.

410 5010 422 5058 1
444 5012 597 5059 reststionet
616 5011 638 5057 P
784 5007 925 5078 andaciam]
943 5027 958 5060 s
975 5012 1034 5060 cdd.
1051 5011 1074 5059 P
1221 5013 1289 5076 nime
1308 5010 1345 5059 1³¹
1494 5011 1510 5061 2
1529 5011 1658 5071 longeest
1677 5010 1749 5073 longe
1769 5009 1815 5072 1²¹,
1837 5012 1909 5073 longi
1928 5009 1969 5060 1²2

323 5096 484 5146 5conicetnr
502 5096 525 5143 P
636 5096 856 5147 diormidsbitP
960 5098 1071 5146 ismuius
1091 5099 1114 5146 P
1228 5097 1258 5146 13
1277 5098 1380 5146 famulis
1399 5097 1423 5146 P
1529 5096 1560 5146 14
1577 5098 1717 5161 patrocinio
1735 5095 1763 5143 l>
1865 5096 1898 5146 l'i
1918 5111 1968 5147 ex-

322 5179 456 5250 plicemus]
483 5184 590 5246 explicit
614 5184 730 5247 prefatio.
761 5185 853 5246 incipit
878 5185 961 5246 passio
980 5184 1061 5233 sancti
1081 5184 1184 5234 dionisii
1203 5198 1258 5233 curn
1277 5185 1351 5232 sociis
1371 5185 1424 5233 suis
1443 5184 1534 5233 rustici
1551 5189 1578 5231 et
1595 5182 1730 5231 eleutherii
1748 5194 1795 5231 ιιι.
1817 5183 1877 5231 idus
1896 5167 1966 5248 cctb;

322 5267 380 5318 cdd.
397 5268 424 5332 P,
447 5271 515 5334 expi.
536 5271 661 5333 prologus.
681 5272 775 5332 incipit
793 5273 877 5334 passio
896 5270 933 5320 sc'r
951 5269 1056 5320 dionisii
1074 5272 1121 5321 mi.
1141 5270 1240 5328 oddo
1356 5268 1386 5320 13
1405 5283 1481 5332 quern
1499 5269 1523 5317 P
1633 5267 1667 5318 24
1685 5268 1732 5318 boc
1751 5266 1820 5315 P¹M
1926 5285 1971 5320 se·

321 5369 409 5418 perere
428 5358 555 5406 conflictos
574 5356 602 5404 M
607 5355 615 5391 ¹
731 5355 764 5406 25
783 5357 847 5418 quod
868 5356 891 5404 P
1004 5356 1036 5407 27
1057 5357 1232 5419 dispositionis
1250 5357 1409 5420 prouidentia
1429 5355 1458 5403 M
1561 5353 1594 5405 28
1612 5355 1704 5411 bonore
1724 5350 1768 5415 1³²,
1790 5352 1889 5405 bonor*
1911 5356 1969 5418 (bo-

323 5443 378 5489 nort
396 5439 449 5504 Mi)
471 5441 640 5492 decreuerunt
657 5446 815 5507 episcopatus
837 5442 866 5491 M
871 5443 880 5480 1
985 5457 1034 5506 que
1053 5442 1090 5490 1²¹
1197 5444 1230 5494 30
1249 5443 1393 5492 ueneranda
1413 5441 1503 5489 Μ11
1562 5442 1660 5490 meritis
1679 5439 1711 5491 Εἰ
1816 5441 1970 5492 tholosam?

324 5527 353 5574 M
359 5527 368 5562 ¹
473 5527 505 5577 32
523 5528 693 5578 inludendum
713 5528 749 5576 P1
855 5529 887 5580 33
907 5531 1018 5578 iniurias
1039 5527 1068 5576 M
1171 5528 1204 5578 34
1222 5524 1264 5596 sd]
1281 5543 1345 5578 erne.
1362 5527 1390 5576 M
1494 5527 1856 5591 temporetempore.)
1879 5531 1970 5580 uirtu-

322 5615 356 5662 tis
378 5614 427 5676 (nir
445 5615 565 5662 inlitum
584 5616 640 5674 scr.)
664 5614 692 5662 M
796 5612 849 5682 cui]
868 5619 894 5665 in
913 5631 962 5678 usp.
984 5615 1043 5667 odd.
1061 5615 1090 5662 M
1192 5610 1240 5682 sie]
1259 5614 1294 5677 M,
1316 5616 1440 5665 sanetiP
1543 5615 1588 5676 qui
1606 5605 1683 5680 quod]
1703 5612 1738 5674 M,
1760 5614 1885 5676 quiequid
1904 5617 1930 5665 P
