4336 6262
348 319 407 379 106
646 311 839 369 OPVSCVLA
859 313 1053 370 VENANTIO
1072 313 1300 370 FOR'PVNATO
1321 313 1423 370 MALE
1442 313 1666 371 n'r'rnlssvdn

343 497 521 569 substantia
543 503 654 569 matris
675 503 709 568 in
731 506 861 570 saeculo
883 512 987 584 natus,
1028 507 1087 589 (311)
1114 505 1278 590 perfectus
1302 506 1394 588 deus,
1420 506 1582 591 perfectus
1604 506 1700 572 homo
1722 527 1763 573 ex
1784 507 1895 574 anima
1917 529 1972 573 ra-

342 606 488 672 tionabili
511 613 543 673 et
565 605 707 673 humana
728 627 824 674 carne
847 609 1035 688 subsistens,
1069 610 1129 690 (31)
1157 609 1305 692 aequalis
1327 609 1410 694 patri
1433 609 1608 676 seeundum
1625 609 1838 692 divinitatem,
1866 611 1971 677 minor

341 717 431 795 patre
460 709 636 775 seeundum
664 708 913 790 humanitatem,
955 713 1016 795 (32)
1043 712 1098 794 qui
1127 711 1203 778 lieet
1232 711 1313 778 deus
1342 713 1385 778 sit
1407 720 1439 779 ct
1461 713 1571 794 horno,
1607 733 1669 779 non
1693 712 1756 779 duo
1778 721 1887 780 tamen
1910 713 1970 780 sed

341 832 423 878 unus
445 821 494 878 est
508 813 663 895 Christus,
701 817 761 896 (33)
789 835 873 881 unus
895 821 1001 881 autem
1025 834 1088 880 non
1111 815 1320 882 conversione
1343 815 1521 882 monitam
1543 817 1577 882 in
1599 835 1705 896 earne,
1732 817 1790 884 sed
1812 819 1971 902 adsump-

340 918 426 982 tione
457 916 663 982 humanitatis
691 918 724 982 in
755 918 829 1000 deo,
873 921 933 998 (34)
961 937 1042 984 unus
1065 919 1193 983 omnino
1217 939 1280 983 non
1303 919 1488 985 confusione
1510 920 1729 1002 substantiae,
1762 922 1819 987 sed
1841 923 1968 988 unitate
1992 945 2006 980 τ»

339 1040 506 1106 personae.
558 1023 620 1105 (35)
647 1021 732 1087 Nam
756 1022 838 1088 sicut
860 1023 969 1088 anima
991 1022 1191 1088 rationabilis
1214 1031 1247 1088 et
1268 1043 1341 1089 earo
1365 1043 1447 1089 unus
1469 1031 1519 1090 est
1537 1024 1640 1104 homo,
1668 1023 1714 1089 ita
1729 1024 1809 1090 dens
1825 1032 1858 1091 ct
1872 1025 1971 1090 homo

341 1144 421 1189 unns
444 1132 494 1191 est
516 1124 674 1191 Christus.
727 1127 786 1208 (36)
814 1126 877 1204 Qui
900 1145 1015 1210 passus
1038 1134 1088 1192 est
1110 1147 1166 1210 pro
1191 1127 1295 1192 salute
1318 1133 1443 1207 nostra,
1475 1127 1637 1194 discendit
1658 1127 1701 1193 ad
1723 1129 1860 1210 inferos,
1896 1149 1971 1194 snr-

340 1229 423 1294 rcxit
444 1249 464 1293 a
486 1229 636 1308 mortuis,
679 1230 739 1312 (37)
766 1228 913 1310 aseendit
934 1230 976 1294 ad
1000 1231 1123 1309 caelos,
1157 1230 1242 1296 sedit
1263 1230 1305 1300 ad
1327 1231 1492 1296 dexteram
1516 1232 1617 1315 patris
1640 1231 1716 1297 inde
1739 1239 1892 1298 venturus
1916 1232 1969 1298 iu-

339 1331 446 1398 dicare
477 1332 567 1398 vivos
597 1351 636 1396 aa
665 1339 814 1398 mortuos.
866 1334 928 1416 (38)
955 1333 1005 1397 nd
1037 1334 1127 1398 cuius
1150 1333 1324 1400 adventum
1348 1353 1459 1400 omnes
1481 1334 1626 1400 homines
1649 1355 1817 1420 resurgere
1845 1335 1971 1402 habent

338 1436 372 1501 in
394 1436 580 1519 corporibus
602 1436 670 1502 suis
698 1443 730 1502 ct
752 1435 908 1503 reddituri
931 1444 1005 1501 sunt
1027 1437 1068 1502 de
1092 1436 1186 1502 iactis
1209 1437 1345 1522 propriis
1367 1438 1522 1503 rationem
1560 1440 1621 1523 (33)
1649 1446 1681 1503 et
1703 1440 1758 1522 qui
1780 1440 1865 1504 bona
1888 1460 1970 1524 ege·
1996 1461 2026 1500 ru

340 1547 412 1605 runt
433 1539 524 1605 ibunt
545 1539 578 1604 in
601 1539 699 1605 vitam
723 1547 897 1620 aeternam,
924 1540 979 1622 qui
1002 1540 1089 1604 mala
1111 1541 1143 1606 in
1166 1541 1274 1624 ignem
1297 1546 1473 1606 aeternum.
1526 1543 1587 1624 (40)
1615 1543 1703 1608 Haeo
1726 1549 1777 1608 est
1797 1542 1879 1608 fides
1911 1564 1971 1609 oa-

337 1642 466 1722 tholica,
493 1664 590 1726 quam
613 1645 675 1709 nisi
696 1645 833 1727 quisque
855 1642 993 1710 fideliter
1014 1642 1210 1728 firmiterque
1230 1644 1413 1725 crediderit,
1442 1645 1551 1709 salvus
1574 1664 1647 1710 esse
1669 1665 1731 1711 non
1747 1646 1874 1730 poterit.

551 2447 838 2547 EXPOSITIO
871 2445 1020 2546 sioni
1052 2448 1392 2546 soundness
1424 2449 1745 2548 FORTVNATI.

426 2683 465 2767 (1)
493 2682 698 2760 erovnovn
722 2699 810 2746 vvnr
832 2699 911 2746 ussa
935 2698 1078 2761 annuus,
1109 2697 1198 2746 nuru
1222 2699 1331 2746 onum
1354 2698 1438 2746 orvs
1461 2699 1540 2762 usn,
1568 2701 1611 2746 vr
1634 2701 1769 2748 'rannus
1792 2701 1968 2750 on'rnonr-

336 2805 404 2850 CAM
428 2805 544 2867 FIDEM,
572 2805 667 2864 QVAM
689 2803 758 2850 NISI
781 2804 927 2863 QVlSQvn
950 2802 1127 2850 lausonam
1149 2801 1433 2860 INVIOLA'I'AMQVE
1457 2803 1679 2860 SERVAVERI'I',
1708 2805 1838 2864 ABSQVE
1856 2807 1967 2852 nvsslo
1991 2808 2021 2846 15
2099 2833 2101 2838 -

336 2909 371 2954 ru
395 2907 580 2955 sarnanum
603 2907 748 2953 rsuram.
796 2889 901 2954 Primo
925 2909 1001 2972 ergo
1023 2888 1162 2952 omnium
1186 2887 1267 2953 tides
1290 2889 1475 2954 neccssaria
1496 2897 1561 2969 est,
1598 2890 1680 2955 sicut
1702 2890 1880 2974 apostolica
1903 2892 1967 2957 do-

335 3000 386 3059 cet
414 2993 587 3059 auotoritas
617 2993 745 3058 dicens:
778 2996 851 3054 Sine
870 2995 929 3074 fide
953 2993 1127 3074 inpomibr'le
1149 3001 1194 3055 cst
1213 2994 1334 3073 placore
1357 2994 1421 3055 deo.
1470 2992 1603 3058 Constat
1625 2993 1709 3057 enim
1732 2993 1896 3058 neminem
1920 2995 1966 3060 ad

335 3117 442 3162 veram
473 3096 640 3180 pervenire
668 3115 763 3180 posse
792 3094 1024 3160 beatitudinem
1054 3094 1116 3159 nisi
1145 3094 1206 3158 dcc
1237 3095 1367 3178 placeat
1389 3101 1421 3159 et
1444 3094 1504 3160 deo
1528 3097 1687 3162 neminem
1710 3097 1838 3180 placere
1863 3117 1965 3182 posse

334 3200 395 3264 nisi
418 3221 476 3284 per
498 3199 604 3264 fidem.
656 3202 696 3284 (2)
724 3200 830 3263 Frons
853 3217 992 3282 namque
1015 3203 1064 3263 cst
1087 3198 1241 3263 bonorum
1264 3199 1403 3263 omnium
1420 3198 1674 3279 fundamentum,
1701 3198 1782 3265 fides
1798 3199 1965 3268 humanae

334 3304 447 3369 salutis
469 3304 605 3369 initium.
647 3303 723 3368 Sine
745 3303 807 3368 hac
830 3321 922 3367 nemo
944 3301 987 3366 ad
1010 3299 1146 3366 filiorum
1170 3301 1223 3366 dei
1248 3308 1352 3385 potest
1374 3302 1566 3368 consortium
1588 3303 1777 3398 pervenire,⁸
1794 3304 1870 3386 quia
1889 3306 1963 3372 sine
1984 3325 2016 3364 ro

332 3409 404 3493 ipsa
434 3427 492 3473 nee
518 3407 552 3472 in
574 3406 634 3472 hoe
656 3406 786 3472 saeculo
809 3405 977 3488 quisquam
1000 3403 1234 3470 iustificationis
1257 3403 1461 3486 consequitur
1482 3405 1620 3488 gratiam
1643 3426 1702 3472 nec
1725 3407 1756 3471 in
1781 3405 1886 3473 futuro
1910 3408 1963 3473 vi-

331 3520 397 3578 tam
420 3509 597 3596 possidebit
618 3517 794 3576 aeternam.
834 3511 874 3573 Et
897 3509 923 3573 si
947 3508 1019 3590 quis
1042 3508 1094 3573 hio
1116 3528 1178 3573 non
1200 3508 1413 3574 ambulaverit
1436 3529 1493 3594 per
1515 3508 1621 3590 fidem,
1648 3529 1711 3575 non
1734 3511 1901 3596 perveniet
1916 3514 1961 3579 ad

332 3615 473 3702 speeiem
494 3615 623 3680 beatam
647 3613 764 3680 domini
787 3614 862 3678 Iesu
887 3611 1017 3678 Christi.
1069 3613 1109 3693 (3)
1128 3612 1335 3678 ‘On'rnonren
1359 3613 1551 3678 universalis
1574 3613 1707 3692 dicitur,
1741 3613 1775 3678 id
1797 3621 1848 3680 est
1870 3623 1961 3682 recta

331 3740 428 3803 quam
457 3718 607 3785 universa
636 3717 776 3784 ecelesia
805 3723 914 3782 tenere
943 3714 1048 3781 debet.
1096 3715 1243 3781 Ecclesia
1274 3716 1393 3801 quippe
1424 3717 1631 3801 congregatio
1662 3716 1777 3784 dicitur·
1807 3717 1961 3785 christia-

330 3843 441 3889 norum
472 3823 540 3888 sive
569 3828 743 3887 conventus
770 3820 970 3905 populorum.
1017 3820 1090 3883 Non
1119 3819 1204 3884 enim
1236 3819 1318 3885 sicut
1340 3821 1563 3886 conventicula
1586 3820 1817 3886 haeretieorum
1840 3822 1874 3887 in
1897 3823 1960 3888 aii·
1981 3843 2013 3883 ιη,

330 3926 448 4010 quibua
472 3925 636 4009 regionum
660 3924 805 4010 partibus
829 3930 996 4005 coartatur,
1024 3923 1082 3989 sed
1104 3942 1162 4008 per
1183 3930 1283 3988 totum
1302 3930 1457 3989 terrarum
1472 3924 1581 3989 orbem
1597 3924 1735 3990 dilatata
1751 3923 1955 3991 diffunditur.

336 4033 374 4112 (1)
398 4030 447 4094 Vr
471 4047 567 4093 imvm
590 4047 685 4093 nnvn
707 4047 743 4092 ru
766 4045 950 4093 rarnmnrn
974 4045 1017 4090 nn·
1041 4045 1251 4091 rarur'rnrsm
1276 4046 1312 4092 ru
1334 4045 1482 4092 vnrrn'ra
1506 4045 1718 4092 vnnnannvn
1739 4035 1772 4094 et
1787 4029 1958 4096 credamus

330 4139 363 4197 et
392 4132 535 4197 colamus
564 4140 596 4198 et
625 4131 831 4198 confiteamur
860 4131 1033 4197 trinitatem
1063 4131 1096 4195 in
1123 4131 1284 4214 personis,
1319 4131 1471 4196 unitatem
1494 4132 1526 4195 in
1551 4131 1742 4197 substantia.
1795 4133 1835 4215 (5)
1863 4133 1959 4198 Hanc

330 4254 454 4318 quoque
482 4235 655 4300 trinitatem
686 4255 893 4320 personarum
919 4241 1016 4317 atquc
1039 4233 1193 4300 unitatem
1216 4242 1350 4300 naturae
1373 4234 1531 4319 propheta
1553 4235 1670 4300 Esaias
1692 4235 1869 4324 revelatam
1894 4237 1958 4303 sibi

329 4358 392 4403 non
415 4338 525 4420 tacuit,
552 4357 622 4403 cum
639 4356 673 4404 se
690 4338 767 4404 dicit
782 4338 950 4423 Seraphim
973 4337 1094 4404 vidisse
1110 4339 1300 4404 clamantia:
1327 4343 1469 4416 Sanctae,
1496 4348 1632 4418 sunctae,
1657 4343 1957 4419 enneadecaeteridem
1980 4361 2011 4400 :ro

329 4445 403 4506 ciens
427 4443 569 4506 Sabacen.
616 4442 678 4507 Vbi
700 4462 829 4527 prorsus
851 4442 885 4507 in
908 4462 946 4508 eo
968 4443 1053 4526 qnod
1077 4441 1192 4508 dicitur
1212 4441 1306 4508 tertio
1330 4451 1455 4505 estractus
1479 4461 1685 4526 personarum
1708 4441 1894 4524 trinitatem,
1922 4444 1958 4509 in

329 4567 367 4612 co
396 4566 472 4612 vero
500 4546 586 4629 quod
616 4548 716 4612 semei
739 4546 855 4613 dieitur
877 4549 1015 4609 (lominus
1039 4547 1113 4609 dorm
1137 4547 1269 4609 Soboott
1292 4544 1422 4611 divinae
1446 4551 1578 4610 naturae
1602 4546 1823 4628 cognoscimus
1847 4547 1958 4613 unita-

418 4740 445 4788 ιτ
467 4741 524 4788 sn.
549 4740 586 4799 11,
609 4740 633 4790 o.
742 4739 774 4788 uo
793 4743 828 4788 rs.
850 4741 874 4801 e,
897 4741 921 4788 a.

412 5037 635 5086 icorruercatione
654 5033 687 5084 Al
795 5035 810 5082 5
831 5023 994 5083 hrrrrr²1ritatis
1012 5034 1045 5083 Α1
1152 5030 1291 5099 iinseros]
1309 5034 1383 5081 tertia
1402 5032 1629 5083 diedesidmuntor
1723 5032 1891 5092 eresurgere
1911 5035 1959 5083 ha-

326 5129 386 5172 bent
402 5126 428 5172 in
447 5125 589 5187 corporibus
609 5124 662 5171 suis
681 5120 717 5189 et]
738 5137 787 5172 om.
810 5121 889 5184 Mun,
915 5121 957 5169 sed
975 5125 1070 5171 exstant
1089 5125 1116 5169 in
1134 5121 1216 5169 codiee
1234 5123 1256 5168 Α
1411 5119 1440 5168 12
1459 5115 1562 5186 poterit]
1586 5123 1613 5168 r'n
1630 5117 1715 5166 codem
1732 5121 1870 5179 scripturae
1890 5121 1961 5170 lineo

325 5213 383 5260 doec
406 5213 559 5273 requomur:
585 5211 647 5258 iacta
669 5215 747 5257 mater
771 5223 828 5257 eum
852 5210 895 5271 qni
920 5209 981 5256 iecit
1004 5215 1042 5270 te,
1069 5209 1127 5270 quia
1149 5208 1224 5256 talem
1246 5209 1309 5255 iecit
1326 5212 1365 5268 tc,
1393 5213 1420 5256 ut
1442 5209 1497 5269 ipse
1521 5209 1591 5254 fleret
1614 5207 1639 5253 in
1664 5211 1697 5254 te.
1734 5205 1799 5254 lacta
1823 5219 1884 5254 enm
1912 5211 1960 5271 qui

300 5345 301 5348 ,
325 5300 434 5346 iunctum
452 5297 630 5346 foecunditatis
648 5296 694 5345 tibi
713 5296 784 5344 dedit
801 5302 935 5358 conceptus
952 5300 978 5343 ct
996 5295 1072 5354 decus
1091 5294 1245 5355 uirginitatis
1264 5307 1312 5342 non
1330 5295 1434 5342 abstulit
1452 5299 1526 5342 natus
1544 5295 1565 5340 Α

413 5384 443 5434 13
463 5397 526 5431 rrnn
540 5395 677 5431 nxrosrrro
689 5409 723 5418 -
735 5395 884 5431 ronrrsnrr
896 5384 927 5442 A,
947 5393 1085 5430 nxroarrro
1105 5393 1186 5428 suren
1205 5393 1281 5428 ernas
1299 5392 1444 5428 carnonrcn
1459 5379 1491 5438 111,
1512 5393 1591 5441 neque
1605 5377 1627 5424 F
1643 5381 1810 5426 Fortunatam
1828 5387 1961 5433 sudorem

324 5472 436 5521 laudauit
541 5471 571 5520 15
590 5481 664 5532 quiam
683 5497 717 5505 —-
735 5469 767 5519 23
787 5465 886 5535 christi]
903 5469 966 5516 fides
985 5468 1077 5516 dicitur
1095 5468 1228 5516 credulitss
1247 5467 1302 5516 siue
1322 5466 1450 5515 eradencia
1468 5466 1586 5514 catholica
1606 5465 1667 5512 MP
1769 5463 1801 5514 23
1821 5467 1916 5518 bootae
1937 5475 1961 5518 Α

324 5558 356 5607 21
376 5559 483 5621 ecclesia
500 5558 593 5606 dieitur
612 5558 768 5618 congregatio
788 5555 816 5603 Μ
919 5553 950 5604 25
970 5569 1018 5603 non
1037 5579 1070 5589 -
1090 5554 1123 5603 26
1141 5549 1305 5618 diffunditur]
1322 5555 1370 5600 oor'.
1390 5551 1416 5599 11
1428 5553 1450 5599 F
1553 5549 1584 5600 28
1603 5552 1742 5600 trlnitstem
1761 5551 1963 5606 -3211urta-

324 5643 387 5712 (ειη)
406 5661 455 5695 om.
472 5645 499 5692 M
