<?xml version="1.0" encoding="UTF-8"?>
<!DOCTYPE html PUBLIC "-//W3C//DTD XHTML 1.0 Transitional//EN"
    "http://www.w3.org/TR/xhtml1/DTD/xhtml1-transitional.dtd">
<html xmlns="http://www.w3.org/1999/xhtml" xml:lang="en" lang="en">
 <head>
  <title>
</title>
<meta http-equiv="Content-Type" content="text/html;charset=utf-8" />
  <meta name='ocr-system' content='tesseract 3.04.00' />
  <meta name='ocr-capabilities' content='ocr_page ocr_carea ocr_par ocr_line ocrx_word'/>
</head>
<body>
  <div class='ocr_page' id='page_1' title='image "./monumentagerman00mittgoog_0531.png"; bbox 0 0 4456 6202; ppageno 0'>
   <div class='ocr_carea' id='block_1_1' title="bbox 376 304 1393 372">
    <p class='ocr_par' dir='ltr' id='par_1_1' title="bbox 376 304 1393 372">
     <span class='ocr_line' id='line_1_1' title="bbox 376 304 1393 372; baseline -0.007 -4"><span class='ocrx_word' id='word_1_1' title='bbox 376 309 417 372; x_wconf 78' lang='lat'>32</span> <span class='ocrx_word' id='word_1_2' title='bbox 983 304 1154 361; x_wconf 73' lang='lat' dir='ltr'>vassum</span> <span class='ocrx_word' id='word_1_3' title='bbox 1171 305 1393 362; x_wconf 85' lang='lat' dir='ltr'>FORTVNATI</span> 
     </span>
    </p>
   </div>
   <div class='ocr_carea' id='block_1_2' title="bbox 244 493 2060 4945">
    <p class='ocr_par' dir='ltr' id='par_1_2' title="bbox 262 493 2041 1201">
     <span class='ocr_line' id='line_1_2' title="bbox 262 493 2007 581; baseline 0.003 -22"><span class='ocrx_word' id='word_1_4' title='bbox 262 493 355 559; x_wconf 90' lang='lat' dir='ltr'>XVII</span> <span class='ocrx_word' id='word_1_5' title='bbox 468 496 528 580; x_wconf 84' lang='grc'>(47)</span> <span class='ocrx_word' id='word_1_6' title='bbox 558 495 638 562; x_wconf 90' lang='lat' dir='ltr'>Item</span> <span class='ocrx_word' id='word_1_7' title='bbox 670 495 745 560; x_wconf 91' lang='lat' dir='ltr'>dum</span> <span class='ocrx_word' id='word_1_8' title='bbox 776 495 934 578; x_wconf 80' lang='lat' dir='ltr'>quaedam</span> <span class='ocrx_word' id='word_1_9' title='bbox 965 495 1080 561; x_wconf 89' lang='lat' dir='ltr'>mulier</span> <span class='ocrx_word' id='word_1_10' title='bbox 1109 503 1239 580; x_wconf 89' lang='lat' dir='ltr'>arrepta</span> <span class='ocrx_word' id='word_1_11' title='bbox 1267 517 1287 562; x_wconf 93' lang='lat' dir='ltr'>a</span> <span class='ocrx_word' id='word_1_12' title='bbox 1317 498 1459 581; x_wconf 87' lang='lat' dir='ltr'>mahgno</span> <span class='ocrx_word' id='word_1_13' title='bbox 1491 497 1620 581; x_wconf 91' lang='lat' dir='ltr'>spiritu,</span> <span class='ocrx_word' id='word_1_14' title='bbox 1655 517 1690 564; x_wconf 90' lang='lat' dir='ltr'>se</span> <span class='ocrx_word' id='word_1_15' title='bbox 1719 499 1907 564; x_wconf 88' lang='lat' dir='ltr'>beatissimo</span> <span class='ocrx_word' id='word_1_16' title='bbox 1939 499 2007 564; x_wconf 93' lang='lat' dir='ltr'>viro</span> 
     </span>
     <span class='ocr_line' id='line_1_3' title="bbox 376 589 2008 687; baseline 0.001 -22"><span class='ocrx_word' id='word_1_17' title='bbox 376 600 493 666; x_wconf 83' lang='lat' dir='ltr'>Albino</span> <span class='ocrx_word' id='word_1_18' title='bbox 523 598 702 664; x_wconf 89' lang='lat' dir='ltr'>vociferans</span> <span class='ocrx_word' id='word_1_19' title='bbox 732 606 764 665; x_wconf 89' lang='lat' dir='ltr'>et</span> <span class='ocrx_word' id='word_1_20' title='bbox 789 589 938 664; x_wconf 88' lang='lat' dir='ltr'>heiulans</span> <span class='ocrx_word' id='word_1_21' title='bbox 961 607 1216 684; x_wconf 80' lang='lat' dir='ltr'><strong>praesentasset,</strong></span> <span class='ocrx_word' id='word_1_22' title='bbox 1250 621 1324 666; x_wconf 90' lang='lat' dir='ltr'>mox</span> <span class='ocrx_word' id='word_1_23' title='bbox 1346 601 1552 666; x_wconf 90' lang='lat' dir='ltr'>adversarius</span> <span class='ocrx_word' id='word_1_24' title='bbox 1574 600 1645 685; x_wconf 89' lang='lat' dir='ltr'>ipse</span> <span class='ocrx_word' id='word_1_25' title='bbox 1668 619 1764 687; x_wconf 88' lang='lat' dir='ltr'>supra</span> <span class='ocrx_word' id='word_1_26' title='bbox 1788 602 1857 667; x_wconf 92' lang='lat' dir='ltr'>eius</span> <span class='ocrx_word' id='word_1_27' title='bbox 1880 602 2008 668; x_wconf 92' lang='lat' dir='ltr'>oculum</span> 
     </span>
     <span class='ocr_line' id='line_1_4' title="bbox 374 702 2007 788; baseline 0.001 -20"><span class='ocrx_word' id='word_1_28' title='bbox 374 703 409 769; x_wconf 94' lang='lat' dir='ltr'>in</span> <span class='ocrx_word' id='word_1_29' title='bbox 440 703 682 768; x_wconf 80' lang='lat' dir='ltr'>similitudinem</span> <span class='ocrx_word' id='word_1_30' title='bbox 712 702 840 768; x_wconf 87' lang='lat' dir='ltr'>vesicae</span> <span class='ocrx_word' id='word_1_31' title='bbox 870 703 1068 786; x_wconf 89' lang='lat' dir='ltr'>sanguineae</span> <span class='ocrx_word' id='word_1_32' title='bbox 1099 722 1133 769; x_wconf 90' lang='lat' dir='ltr'>se</span> <span class='ocrx_word' id='word_1_33' title='bbox 1164 704 1306 787; x_wconf 83' lang='lat' dir='ltr'>collegit.</span> <span class='ocrx_word' id='word_1_34' title='bbox 1359 707 1418 786; x_wconf 79' lang='grc'><strong>(18)</strong></span> <span class='ocrx_word' id='word_1_35' title='bbox 1447 705 1538 769; x_wconf 82' lang='lat' dir='ltr'>Tunc</span> <span class='ocrx_word' id='word_1_36' title='bbox 1566 705 1710 788; x_wconf 81' lang='lat' dir='ltr'>pontifex</span> <span class='ocrx_word' id='word_1_37' title='bbox 1734 705 1856 770; x_wconf 90' lang='lat' dir='ltr'>faciens</span> <span class='ocrx_word' id='word_1_38' title='bbox 1880 705 2007 788; x_wconf 90' lang='lat' dir='ltr'>siguum</span> 
     </span>
     <span class='ocr_line' id='line_1_5' title="bbox 376 805 2004 894; baseline 0.002 -23"><span class='ocrx_word' id='word_1_39' title='bbox 376 807 479 872; x_wconf 88' lang='lat' dir='ltr'>crucis</span> <span class='ocrx_word' id='word_1_40' title='bbox 500 806 680 891; x_wconf 79' lang='lat' dir='ltr'>increpavit</span> <span class='ocrx_word' id='word_1_41' title='bbox 702 826 790 887; x_wconf 90' lang='lat' dir='ltr'>eum,</span> <span class='ocrx_word' id='word_1_42' title='bbox 819 805 946 871; x_wconf 89' lang='lat' dir='ltr'>diceus:</span> <span class='ocrx_word' id='word_1_43' title='bbox 981 807 1132 890; x_wconf 88' lang='lat' dir='ltr'>Inimica,</span> <span class='ocrx_word' id='word_1_44' title='bbox 1159 808 1286 872; x_wconf 92' lang='lat' dir='ltr'>oculum</span> <span class='ocrx_word' id='word_1_45' title='bbox 1310 828 1404 890; x_wconf 93' lang='lat' dir='ltr'>quem</span> <span class='ocrx_word' id='word_1_46' title='bbox 1428 828 1490 872; x_wconf 94' lang='lat' dir='ltr'>uon</span> <span class='ocrx_word' id='word_1_47' title='bbox 1514 807 1633 874; x_wconf 92' lang='lat' dir='ltr'>dedisti</span> <span class='ocrx_word' id='word_1_48' title='bbox 1656 829 1715 874; x_wconf 92' lang='lat' dir='ltr'>nec</span> <span class='ocrx_word' id='word_1_49' title='bbox 1737 810 1842 894; x_wconf 91' lang='lat' dir='ltr'>possis</span> <span class='ocrx_word' id='word_1_50' title='bbox 1865 809 2004 876; x_wconf 90' lang='lat' dir='ltr'>anferre.</span> 
     </span>
     <span class='ocr_line' id='line_1_6' title="bbox 375 909 2041 997; baseline 0.002 -23"><span class='ocrx_word' id='word_1_51' title='bbox 375 911 449 976; x_wconf 88' lang='lat' dir='ltr'>Mox</span> <span class='ocrx_word' id='word_1_52' title='bbox 479 910 521 975; x_wconf 91' lang='lat' dir='ltr'>de</span> <span class='ocrx_word' id='word_1_53' title='bbox 550 910 737 976; x_wconf 90' lang='lat' dir='ltr'>collectione</span> <span class='ocrx_word' id='word_1_54' title='bbox 767 909 838 994; x_wconf 89' lang='lat' dir='ltr'>ipsa</span> <span class='ocrx_word' id='word_1_55' title='bbox 867 909 899 974; x_wconf 92' lang='lat' dir='ltr'>in</span> <span class='ocrx_word' id='word_1_56' title='bbox 931 909 1133 977; x_wconf 90' lang='lat' dir='ltr'>flebotomiae</span> <span class='ocrx_word' id='word_1_57' title='bbox 1162 910 1406 977; x_wconf 91' lang='lat' dir='ltr'>similitudinem</span> <span class='ocrx_word' id='word_1_58' title='bbox 1438 911 1598 977; x_wconf 77' lang='lat' dir='ltr'>subtiliter</span> <span class='ocrx_word' id='word_1_59' title='bbox 1627 913 1760 996; x_wconf 88' lang='lat' dir='ltr'>sanguis</span> <span class='ocrx_word' id='word_1_60' title='bbox 1790 914 1910 997; x_wconf 84' lang='lat' dir='ltr'>erupit,</span> <span class='ocrx_word' id='word_1_61' title='bbox 1945 934 2041 996; x_wconf 82' lang='lat' dir='ltr'>quor</span> 
     </span>
     <span class='ocr_line' id='line_1_7' title="bbox 374 1012 2008 1102; baseline 0.002 -24"><span class='ocrx_word' id='word_1_62' title='bbox 374 1012 494 1080; x_wconf 86' lang='lat' dir='ltr'>fluente</span> <span class='ocrx_word' id='word_1_63' title='bbox 528 1013 596 1080; x_wconf 92' lang='lat' dir='ltr'>sine</span> <span class='ocrx_word' id='word_1_64' title='bbox 630 1013 775 1079; x_wconf 88' lang='lat' dir='ltr'>laesione</span> <span class='ocrx_word' id='word_1_65' title='bbox 809 1014 893 1080; x_wconf 91' lang='lat' dir='ltr'>oculi</span> <span class='ocrx_word' id='word_1_66' title='bbox 927 1013 1101 1079; x_wconf 90' lang='lat' dir='ltr'>inmundus</span> <span class='ocrx_word' id='word_1_67' title='bbox 1135 1015 1236 1079; x_wconf 90' lang='lat' dir='ltr'>hostis</span> <span class='ocrx_word' id='word_1_68' title='bbox 1270 1015 1401 1080; x_wconf 90' lang='lat' dir='ltr'>evanuit</span> <span class='ocrx_word' id='word_1_69' title='bbox 1432 1022 1464 1080; x_wconf 89' lang='lat' dir='ltr'>et</span> <span class='ocrx_word' id='word_1_70' title='bbox 1493 1016 1603 1100; x_wconf 89' lang='lat' dir='ltr'>puella</span> <span class='ocrx_word' id='word_1_71' title='bbox 1632 1016 1799 1082; x_wconf 86' lang='lat' dir='ltr'>incolomis</span> <span class='ocrx_word' id='word_1_72' title='bbox 1828 1017 2008 1102; x_wconf 80' lang='lat' dir='ltr'>imperante</span> 
     </span>
     <span class='ocr_line' id='line_1_8' title="bbox 376 1117 733 1201; baseline 0 -19"><span class='ocrx_word' id='word_1_73' title='bbox 376 1117 468 1201; x_wconf 90' lang='lat' dir='ltr'>signo</span> <span class='ocrx_word' id='word_1_74' title='bbox 492 1117 594 1183; x_wconf 88' lang='lat' dir='ltr'>crucis</span> <span class='ocrx_word' id='word_1_75' title='bbox 617 1117 733 1182; x_wconf 90' lang='lat' dir='ltr'>evasit.</span> 
     </span>
    </p>

    <p class='ocr_par' dir='ltr' id='par_1_3' title="bbox 244 1219 2060 2762">
     <span class='ocr_line' id='line_1_9' title="bbox 244 1219 2008 1308; baseline 0.003 -23"><span class='ocrx_word' id='word_1_76' title='bbox 244 1220 355 1285; x_wconf 91' lang='lat' dir='ltr'>XVIII</span> <span class='ocrx_word' id='word_1_77' title='bbox 469 1222 529 1305; x_wconf 83' lang='grc'>(49)</span> <span class='ocrx_word' id='word_1_78' title='bbox 558 1219 623 1286; x_wconf 83' lang='lat' dir='ltr'>Sed</span> <span class='ocrx_word' id='word_1_79' title='bbox 646 1227 678 1286; x_wconf 87' lang='lat' dir='ltr'>et</span> <span class='ocrx_word' id='word_1_80' title='bbox 699 1221 761 1286; x_wconf 93' lang='lat' dir='ltr'>hoc</span> <span class='ocrx_word' id='word_1_81' title='bbox 782 1220 1056 1303; x_wconf 81' lang='lat' dir='ltr'>magnanimitatis</span> <span class='ocrx_word' id='word_1_82' title='bbox 1080 1222 1262 1307; x_wconf 86' lang='lat' dir='ltr'>exemplum</span> <span class='ocrx_word' id='word_1_83' title='bbox 1287 1228 1476 1308; x_wconf 89' lang='lat' dir='ltr'>oportunum</span> <span class='ocrx_word' id='word_1_84' title='bbox 1501 1222 1625 1288; x_wconf 83' lang='lat' dir='ltr'>ducitur</span> <span class='ocrx_word' id='word_1_85' title='bbox 1647 1223 1889 1308; x_wconf 90' lang='lat' dir='ltr'>explicandum,</span> <span class='ocrx_word' id='word_1_86' title='bbox 1921 1225 2008 1308; x_wconf 92' lang='lat' dir='ltr'>quod</span> 
     </span>
     <span class='ocr_line' id='line_1_10' title="bbox 374 1323 2004 1413; baseline 0.004 -26"><span class='ocrx_word' id='word_1_87' title='bbox 374 1344 431 1410; x_wconf 88' lang='lat' dir='ltr'>pro</span> <span class='ocrx_word' id='word_1_88' title='bbox 461 1323 514 1390; x_wconf 91' lang='lat' dir='ltr'>dei</span> <span class='ocrx_word' id='word_1_89' title='bbox 544 1324 672 1408; x_wconf 93' lang='lat' dir='ltr'>negotio</span> <span class='ocrx_word' id='word_1_90' title='bbox 702 1324 790 1410; x_wconf 90' lang='lat' dir='ltr'>apud</span> <span class='ocrx_word' id='word_1_91' title='bbox 820 1344 892 1389; x_wconf 90' lang='lat' dir='ltr'>eum</span> <span class='ocrx_word' id='word_1_92' title='bbox 922 1345 986 1390; x_wconf 92' lang='lat' dir='ltr'>nou</span> <span class='ocrx_word' id='word_1_93' title='bbox 1016 1324 1114 1389; x_wconf 90' lang='lat' dir='ltr'>fuerit</span> <span class='ocrx_word' id='word_1_94' title='bbox 1143 1326 1212 1391; x_wconf 89' lang='lat' dir='ltr'>ulla</span> <span class='ocrx_word' id='word_1_95' title='bbox 1242 1346 1353 1408; x_wconf 90' lang='lat' dir='ltr'>regum</span> <span class='ocrx_word' id='word_1_96' title='bbox 1385 1331 1612 1410; x_wconf 90' lang='lat' dir='ltr'>potentumque</span> <span class='ocrx_word' id='word_1_97' title='bbox 1642 1329 1823 1411; x_wconf 90' lang='lat' dir='ltr'>personalis</span> <span class='ocrx_word' id='word_1_98' title='bbox 1848 1328 2004 1413; x_wconf 91' lang='lat' dir='ltr'>acceptio.</span> 
     </span>
     <span class='ocr_line' id='line_1_11' title="bbox 374 1427 2060 1514; baseline 0 -23"><span class='ocrx_word' id='word_1_99' title='bbox 374 1428 521 1510; x_wconf 92' lang='lat' dir='ltr'>Denique</span> <span class='ocrx_word' id='word_1_100' title='bbox 552 1427 594 1492; x_wconf 89' lang='lat' dir='ltr'>ad</span> <span class='ocrx_word' id='word_1_101' title='bbox 624 1428 785 1493; x_wconf 89' lang='lat' dir='ltr'>cumulum</span> <span class='ocrx_word' id='word_1_102' title='bbox 816 1427 967 1494; x_wconf 88' lang='lat' dir='ltr'>caelestis</span> <span class='ocrx_word' id='word_1_103' title='bbox 998 1427 1123 1511; x_wconf 89' lang='lat' dir='ltr'>gratiae</span> <span class='ocrx_word' id='word_1_104' title='bbox 1155 1428 1405 1510; x_wconf 89' lang='lat' dir='ltr'>conquirendum</span> <span class='ocrx_word' id='word_1_105' title='bbox 1435 1429 1630 1494; x_wconf 88' lang='lat' dir='ltr'>incestarum</span> <span class='ocrx_word' id='word_1_106' title='bbox 1661 1431 1843 1514; x_wconf 87' lang='lat' dir='ltr'>nuptiarum</span> <span class='ocrx_word' id='word_1_107' title='bbox 1873 1452 2007 1497; x_wconf 90' lang='lat' dir='ltr'>execra-</span> <span class='ocrx_word' id='word_1_108' title='bbox 2029 1453 2060 1492; x_wconf 84' lang='lat'>10</span> 
     </span>
     <span class='ocr_line' id='line_1_12' title="bbox 374 1531 2003 1617; baseline 0.002 -21"><span class='ocrx_word' id='word_1_109' title='bbox 374 1531 456 1596; x_wconf 90' lang='lat' dir='ltr'>biles</span> <span class='ocrx_word' id='word_1_110' title='bbox 480 1531 701 1616; x_wconf 85' lang='lat' dir='ltr'>copulationes</span> <span class='ocrx_word' id='word_1_111' title='bbox 723 1531 792 1596; x_wconf 87' lang='lat' dir='ltr'>inre</span> <span class='ocrx_word' id='word_1_112' title='bbox 815 1532 1072 1616; x_wconf 83' lang='lat' dir='ltr'>condempnans,</span> <span class='ocrx_word' id='word_1_113' title='bbox 1103 1531 1232 1597; x_wconf 90' lang='lat' dir='ltr'>beatum</span> <span class='ocrx_word' id='word_1_114' title='bbox 1256 1532 1432 1598; x_wconf 90' lang='lat' dir='ltr'>Iohannem</span> <span class='ocrx_word' id='word_1_115' title='bbox 1455 1532 1785 1617; x_wconf 87' lang='lat' dir='ltr'>inreprehensibiliter</span> <span class='ocrx_word' id='word_1_116' title='bbox 1806 1535 2003 1600; x_wconf 82' lang='lat' dir='ltr'>imitabatur.</span> 
     </span>
     <span class='ocr_line' id='line_1_13' title="bbox 378 1635 2008 1724; baseline 0.004 -27"><span class='ocrx_word' id='word_1_117' title='bbox 378 1638 439 1719; x_wconf 91' lang='grc'>(50)</span> <span class='ocrx_word' id='word_1_118' title='bbox 468 1636 595 1713; x_wconf 80' lang='lat' dir='ltr'>Quanta</span> <span class='ocrx_word' id='word_1_119' title='bbox 624 1656 698 1701; x_wconf 90' lang='lat' dir='ltr'>vero</span> <span class='ocrx_word' id='word_1_120' title='bbox 729 1635 804 1702; x_wconf 91' lang='lat' dir='ltr'>inde</span> <span class='ocrx_word' id='word_1_121' title='bbox 834 1635 1039 1716; x_wconf 88' lang='lat' dir='ltr'>sustinuerit,</span> <span class='ocrx_word' id='word_1_122' title='bbox 1073 1636 1182 1701; x_wconf 91' lang='lat' dir='ltr'>nullus</span> <span class='ocrx_word' id='word_1_123' title='bbox 1212 1636 1309 1719; x_wconf 85' lang='lat' dir='ltr'>digne</span> <span class='ocrx_word' id='word_1_124' title='bbox 1338 1636 1454 1721; x_wconf 90' lang='lat' dir='ltr'>poterit</span> <span class='ocrx_word' id='word_1_125' title='bbox 1483 1637 1662 1722; x_wconf 88' lang='lat' dir='ltr'>explicare:</span> <span class='ocrx_word' id='word_1_126' title='bbox 1698 1638 1858 1721; x_wconf 90' lang='lat' dir='ltr'>siquidem</span> <span class='ocrx_word' id='word_1_127' title='bbox 1886 1645 2008 1724; x_wconf 87' lang='lat' dir='ltr'>martyr</span> 
     </span>
     <span class='ocr_line' id='line_1_14' title="bbox 375 1739 2007 1827; baseline 0.003 -24"><span class='ocrx_word' id='word_1_128' title='bbox 375 1739 460 1804; x_wconf 87' lang='lat' dir='ltr'>effici</span> <span class='ocrx_word' id='word_1_129' title='bbox 484 1746 625 1825; x_wconf 87' lang='lat' dir='ltr'>cuperet,</span> <span class='ocrx_word' id='word_1_130' title='bbox 654 1739 768 1806; x_wconf 92' lang='lat' dir='ltr'>sinon</span> <span class='ocrx_word' id='word_1_131' title='bbox 791 1739 950 1806; x_wconf 88' lang='lat' dir='ltr'>defuisset</span> <span class='ocrx_word' id='word_1_132' title='bbox 972 1739 1105 1805; x_wconf 88' lang='lat' dir='ltr'>dextera</span> <span class='ocrx_word' id='word_1_133' title='bbox 1127 1739 1334 1824; x_wconf 86' lang='lat' dir='ltr'>percussoris,</span> <span class='ocrx_word' id='word_1_134' title='bbox 1363 1740 1421 1806; x_wconf 90' lang='lat' dir='ltr'>sed</span> <span class='ocrx_word' id='word_1_135' title='bbox 1443 1741 1554 1825; x_wconf 90' lang='lat' dir='ltr'>procul</span> <span class='ocrx_word' id='word_1_136' title='bbox 1578 1741 1675 1807; x_wconf 89' lang='lat' dir='ltr'>dubio</span> <span class='ocrx_word' id='word_1_137' title='bbox 1698 1743 1839 1826; x_wconf 89' lang='lat' dir='ltr'>palmam</span> <span class='ocrx_word' id='word_1_138' title='bbox 1860 1743 2007 1827; x_wconf 89' lang='lat' dir='ltr'>martyrii</span> 
     </span>
     <span class='ocr_line' id='line_1_15' title="bbox 373 1843 2006 1929; baseline 0.002 -22"><span class='ocrx_word' id='word_1_139' title='bbox 373 1844 488 1909; x_wconf 92' lang='lat' dir='ltr'>meruit</span> <span class='ocrx_word' id='word_1_140' title='bbox 515 1844 571 1927; x_wconf 92' lang='lat' dir='ltr'>qui</span> <span class='ocrx_word' id='word_1_141' title='bbox 600 1843 665 1909; x_wconf 92' lang='lat' dir='ltr'>voti</span> <span class='ocrx_word' id='word_1_142' title='bbox 694 1843 858 1909; x_wconf 90' lang='lat' dir='ltr'>desideria</span> <span class='ocrx_word' id='word_1_143' title='bbox 887 1865 950 1909; x_wconf 91' lang='lat' dir='ltr'>non</span> <span class='ocrx_word' id='word_1_144' title='bbox 979 1844 1159 1909; x_wconf 89' lang='lat' dir='ltr'>abscondit.</span> <span class='ocrx_word' id='word_1_145' title='bbox 1212 1846 1271 1928; x_wconf 89' lang='grc'><strong>(51)</strong></span> <span class='ocrx_word' id='word_1_146' title='bbox 1300 1843 1393 1909; x_wconf 90' lang='lat' dir='ltr'>Vnde</span> <span class='ocrx_word' id='word_1_147' title='bbox 1425 1851 1552 1929; x_wconf 89' lang='lat' dir='ltr'>praeter</span> <span class='ocrx_word' id='word_1_148' title='bbox 1581 1845 1708 1910; x_wconf 91' lang='lat' dir='ltr'>labores</span> <span class='ocrx_word' id='word_1_149' title='bbox 1738 1845 1878 1929; x_wconf 90' lang='lat' dir='ltr'>reliquos</span> <span class='ocrx_word' id='word_1_150' title='bbox 1908 1847 2006 1911; x_wconf 90' lang='lat' dir='ltr'>etiam</span> 
     </span>
     <span class='ocr_line' id='line_1_16' title="bbox 373 1947 2059 2035; baseline 0 -23"><span class='ocrx_word' id='word_1_151' title='bbox 373 1967 431 2032; x_wconf 90' lang='lat' dir='ltr'>per</span> <span class='ocrx_word' id='word_1_152' title='bbox 460 1947 603 2032; x_wconf 86' lang='lat' dir='ltr'>synodos</span> <span class='ocrx_word' id='word_1_153' title='bbox 633 1968 691 2034; x_wconf 91' lang='lat' dir='ltr'>pro</span> <span class='ocrx_word' id='word_1_154' title='bbox 721 1947 794 2032; x_wconf 90' lang='lat' dir='ltr'>ipsa</span> <span class='ocrx_word' id='word_1_155' title='bbox 824 1968 923 2014; x_wconf 88' lang='lat' dir='ltr'>causa</span> <span class='ocrx_word' id='word_1_156' title='bbox 954 1948 1084 2032; x_wconf 91' lang='lat' dir='ltr'>saepius</span> <span class='ocrx_word' id='word_1_157' title='bbox 1114 1948 1269 2013; x_wconf 87' lang='lat' dir='ltr'>excitatas</span> <span class='ocrx_word' id='word_1_158' title='bbox 1300 1968 1489 2031; x_wconf 85' lang='lat' dir='ltr'>excurrens,</span> <span class='ocrx_word' id='word_1_159' title='bbox 1523 1948 1566 2013; x_wconf 89' lang='lat' dir='ltr'>ad</span> <span class='ocrx_word' id='word_1_160' title='bbox 1596 1956 1790 2034; x_wconf 90' lang='lat' dir='ltr'>postremum</span> <span class='ocrx_word' id='word_1_161' title='bbox 1814 1970 1909 2033; x_wconf 91' lang='lat' dir='ltr'>quarn</span> <span class='ocrx_word' id='word_1_162' title='bbox 1932 1951 2007 2035; x_wconf 92' lang='lat' dir='ltr'>plu·</span> <span class='ocrx_word' id='word_1_163' title='bbox 2029 1973 2059 2013; x_wconf 76' lang='grc'>11</span> 
     </span>
     <span class='ocr_line' id='line_1_17' title="bbox 373 2050 2004 2137; baseline 0.002 -23"><span class='ocrx_word' id='word_1_164' title='bbox 373 2050 455 2115; x_wconf 91' lang='lat' dir='ltr'>rium</span> <span class='ocrx_word' id='word_1_165' title='bbox 487 2051 707 2136; x_wconf 89' lang='lat' dir='ltr'>episcoporum</span> <span class='ocrx_word' id='word_1_166' title='bbox 737 2051 932 2117; x_wconf 88' lang='lat' dir='ltr'>iniunctione</span> <span class='ocrx_word' id='word_1_167' title='bbox 962 2059 997 2116; x_wconf 92' lang='lat' dir='ltr'>ut</span> <span class='ocrx_word' id='word_1_168' title='bbox 1020 2052 1310 2118; x_wconf 87' lang='lat' dir='ltr'>excommunicatas</span> <span class='ocrx_word' id='word_1_169' title='bbox 1333 2073 1353 2118; x_wconf 93' lang='lat' dir='ltr'>a</span> <span class='ocrx_word' id='word_1_170' title='bbox 1376 2071 1411 2118; x_wconf 90' lang='lat' dir='ltr'>se</span> <span class='ocrx_word' id='word_1_171' title='bbox 1434 2071 1588 2137; x_wconf 88' lang='lat' dir='ltr'>personas</span> <span class='ocrx_word' id='word_1_172' title='bbox 1612 2054 1793 2119; x_wconf 90' lang='lat' dir='ltr'>absolveret</span> <span class='ocrx_word' id='word_1_173' title='bbox 1814 2054 1846 2118; x_wconf 95' lang='lat' dir='ltr'>vi</span> <span class='ocrx_word' id='word_1_174' title='bbox 1869 2053 2004 2118; x_wconf 87' lang='lat' dir='ltr'>fratrum</span> 
     </span>
     <span class='ocr_line' id='line_1_18' title="bbox 374 2155 2005 2242; baseline 0.001 -22"><span class='ocrx_word' id='word_1_175' title='bbox 374 2162 503 2220; x_wconf 89' lang='lat' dir='ltr'>coactus</span> <span class='ocrx_word' id='word_1_176' title='bbox 526 2161 585 2220; x_wconf 88' lang='lat' dir='ltr'>est.</span> <span class='ocrx_word' id='word_1_177' title='bbox 637 2157 698 2238; x_wconf 78' lang='grc'>(52)</span> <span class='ocrx_word' id='word_1_178' title='bbox 726 2155 859 2220; x_wconf 87' lang='lat' dir='ltr'>Etcum</span> <span class='ocrx_word' id='word_1_179' title='bbox 883 2164 1066 2239; x_wconf 88' lang='lat' dir='ltr'>rogaretur,</span> <span class='ocrx_word' id='word_1_180' title='bbox 1094 2163 1129 2222; x_wconf 92' lang='lat' dir='ltr'>ut</span> <span class='ocrx_word' id='word_1_181' title='bbox 1151 2157 1308 2240; x_wconf 89' lang='lat' dir='ltr'>eulogias,</span> <span class='ocrx_word' id='word_1_182' title='bbox 1336 2175 1418 2240; x_wconf 88' lang='lat' dir='ltr'>quas</span> <span class='ocrx_word' id='word_1_183' title='bbox 1440 2156 1555 2239; x_wconf 90' lang='lat' dir='ltr'>reliqui</span> <span class='ocrx_word' id='word_1_184' title='bbox 1578 2157 1745 2223; x_wconf 89' lang='lat' dir='ltr'>antestites</span> <span class='ocrx_word' id='word_1_185' title='bbox 1769 2156 1811 2222; x_wconf 90' lang='lat' dir='ltr'>ad</span> <span class='ocrx_word' id='word_1_186' title='bbox 1834 2177 2005 2242; x_wconf 89' lang='lat' dir='ltr'>personam</span> 
     </span>
     <span class='ocr_line' id='line_1_19' title="bbox 374 2259 2004 2345; baseline 0.003 -23"><span class='ocrx_word' id='word_1_187' title='bbox 374 2259 596 2324; x_wconf 90' lang='lat' dir='ltr'>communione</span> <span class='ocrx_word' id='word_1_188' title='bbox 625 2278 815 2344; x_wconf 88' lang='lat' dir='ltr'>suspensam</span> <span class='ocrx_word' id='word_1_189' title='bbox 847 2259 1023 2342; x_wconf 89' lang='lat' dir='ltr'>dirigentes</span> <span class='ocrx_word' id='word_1_190' title='bbox 1046 2260 1297 2342; x_wconf 83' lang='lat' dir='ltr'>benedixerant,</span> <span class='ocrx_word' id='word_1_191' title='bbox 1330 2267 1362 2326; x_wconf 91' lang='lat' dir='ltr'>et</span> <span class='ocrx_word' id='word_1_192' title='bbox 1383 2261 1454 2345; x_wconf 90' lang='lat' dir='ltr'>ipse</span> <span class='ocrx_word' id='word_1_193' title='bbox 1478 2261 1638 2344; x_wconf 90' lang='lat' dir='ltr'>signaret,</span> <span class='ocrx_word' id='word_1_194' title='bbox 1672 2262 1718 2327; x_wconf 93' lang='lat' dir='ltr'>ait</span> <span class='ocrx_word' id='word_1_195' title='bbox 1739 2261 1782 2326; x_wconf 92' lang='lat' dir='ltr'>ad</span> <span class='ocrx_word' id='word_1_196' title='bbox 1805 2261 2004 2328; x_wconf 89' lang='lat' dir='ltr'>sacerdotale</span> 
     </span>
     <span class='ocr_line' id='line_1_20' title="bbox 374 2361 2005 2450; baseline 0.002 -24"><span class='ocrx_word' id='word_1_197' title='bbox 374 2362 558 2427; x_wconf 87' lang='lat' dir='ltr'>concilium:</span> <span class='ocrx_word' id='word_1_198' title='bbox 587 2363 657 2427; x_wconf 84' lang='grc'><strong>11111</strong></span> <span class='ocrx_word' id='word_1_199' title='bbox 679 2361 722 2427; x_wconf 93' lang='lat' dir='ltr'>ad</span> <span class='ocrx_word' id='word_1_200' title='bbox 744 2363 913 2448; x_wconf 93' lang='lat' dir='ltr'>imperium</span> <span class='ocrx_word' id='word_1_201' title='bbox 937 2372 1079 2429; x_wconf 90' lang='lat' dir='ltr'>vestrum</span> <span class='ocrx_word' id='word_1_202' title='bbox 1101 2385 1162 2449; x_wconf 90' lang='lat' dir='ltr'>ego</span> <span class='ocrx_word' id='word_1_203' title='bbox 1187 2364 1315 2448; x_wconf 88' lang='lat' dir='ltr'>signare</span> <span class='ocrx_word' id='word_1_204' title='bbox 1339 2365 1517 2450; x_wconf 90' lang='lat' dir='ltr'>conpellor,</span> <span class='ocrx_word' id='word_1_205' title='bbox 1545 2365 1620 2430; x_wconf 92' lang='lat' dir='ltr'>dum</span> <span class='ocrx_word' id='word_1_206' title='bbox 1644 2384 1700 2431; x_wconf 89' lang='lat' dir='ltr'>vos</span> <span class='ocrx_word' id='word_1_207' title='bbox 1724 2385 1853 2431; x_wconf 90' lang='lat' dir='ltr'>causam</span> <span class='ocrx_word' id='word_1_208' title='bbox 1876 2365 1930 2430; x_wconf 93' lang='lat' dir='ltr'>dei</span> <span class='ocrx_word' id='word_1_209' title='bbox 1953 2384 2005 2430; x_wconf 90' lang='lat' dir='ltr'>re-</span> 
     </span>
     <span class='ocr_line' id='line_1_21' title="bbox 375 2466 2057 2553; baseline 0 -21"><span class='ocrx_word' id='word_1_210' title='bbox 375 2466 492 2533; x_wconf 89' lang='lat' dir='ltr'>cusatis</span> <span class='ocrx_word' id='word_1_211' title='bbox 517 2467 708 2550; x_wconf 86' lang='lat' dir='ltr'>defendere,</span> <span class='ocrx_word' id='word_1_212' title='bbox 735 2468 805 2552; x_wconf 90' lang='lat' dir='ltr'>ipse</span> <span class='ocrx_word' id='word_1_213' title='bbox 828 2475 941 2553; x_wconf 91' lang='lat' dir='ltr'>potens</span> <span class='ocrx_word' id='word_1_214' title='bbox 964 2474 1014 2543; x_wconf 92' lang='lat' dir='ltr'>est</span> <span class='ocrx_word' id='word_1_215' title='bbox 1035 2469 1212 2534; x_wconf 89' lang='lat' dir='ltr'>vindicare.</span> <span class='ocrx_word' id='word_1_216' title='bbox 1265 2471 1323 2552; x_wconf 88' lang='grc'>(53)</span> <span class='ocrx_word' id='word_1_217' title='bbox 1353 2469 1423 2548; x_wconf 81' lang='lat' dir='ltr'>Quo</span> <span class='ocrx_word' id='word_1_218' title='bbox 1446 2470 1548 2552; x_wconf 89' lang='lat' dir='ltr'>facto,</span> <span class='ocrx_word' id='word_1_219' title='bbox 1581 2475 1753 2553; x_wconf 89' lang='lat' dir='ltr'>antequam</span> <span class='ocrx_word' id='word_1_220' title='bbox 1777 2469 1923 2552; x_wconf 90' lang='lat' dir='ltr'>eulogias</span> <span class='ocrx_word' id='word_1_221' title='bbox 1946 2489 2005 2534; x_wconf 85' lang='lat' dir='ltr'>ex·</span> <span class='ocrx_word' id='word_1_222' title='bbox 2026 2491 2057 2532; x_wconf 88' lang='grc' dir='ltr'>1ο</span> 
     </span>
     <span class='ocr_line' id='line_1_22' title="bbox 374 2571 2002 2658; baseline 0.001 -22"><span class='ocrx_word' id='word_1_223' title='bbox 374 2571 606 2636; x_wconf 87' lang='lat' dir='ltr'>communicata</span> <span class='ocrx_word' id='word_1_224' title='bbox 635 2591 772 2657; x_wconf 88' lang='lat' dir='ltr'>persona</span> <span class='ocrx_word' id='word_1_225' title='bbox 801 2571 835 2637; x_wconf 91' lang='lat' dir='ltr'>in</span> <span class='ocrx_word' id='word_1_226' title='bbox 867 2593 921 2638; x_wconf 92' lang='lat' dir='ltr'>ore</span> <span class='ocrx_word' id='word_1_227' title='bbox 952 2573 1146 2658; x_wconf 90' lang='lat' dir='ltr'>susciperet,</span> <span class='ocrx_word' id='word_1_228' title='bbox 1182 2573 1358 2657; x_wconf 85' lang='lat' dir='ltr'>expiravit,</span> <span class='ocrx_word' id='word_1_229' title='bbox 1392 2581 1424 2638; x_wconf 92' lang='lat' dir='ltr'>et</span> <span class='ocrx_word' id='word_1_230' title='bbox 1446 2574 1634 2658; x_wconf 90' lang='lat' dir='ltr'>priusquam</span> <span class='ocrx_word' id='word_1_231' title='bbox 1657 2573 1788 2657; x_wconf 91' lang='lat' dir='ltr'>portitor</span> <span class='ocrx_word' id='word_1_232' title='bbox 1809 2573 2002 2657; x_wconf 90' lang='lat' dir='ltr'>perveniret,</span> 
     </span>
     <span class='ocr_line' id='line_1_23' title="bbox 375 2675 2006 2762; baseline 0.001 -22"><span class='ocrx_word' id='word_1_233' title='bbox 375 2695 480 2740; x_wconf 88' lang='lat' dir='ltr'>sermo</span> <span class='ocrx_word' id='word_1_234' title='bbox 504 2675 679 2742; x_wconf 86' lang='lat' dir='ltr'>sacerdotis</span> <span class='ocrx_word' id='word_1_235' title='bbox 702 2676 848 2759; x_wconf 91' lang='lat' dir='ltr'>obtinuit,</span> <span class='ocrx_word' id='word_1_236' title='bbox 876 2677 931 2761; x_wconf 91' lang='lat' dir='ltr'>qui</span> <span class='ocrx_word' id='word_1_237' title='bbox 953 2677 1051 2743; x_wconf 90' lang='lat' dir='ltr'>etiarn</span> <span class='ocrx_word' id='word_1_238' title='bbox 1075 2677 1118 2742; x_wconf 91' lang='lat' dir='ltr'>ad</span> <span class='ocrx_word' id='word_1_239' title='bbox 1139 2677 1269 2742; x_wconf 90' lang='lat' dir='ltr'>beatum</span> <span class='ocrx_word' id='word_1_240' title='bbox 1293 2677 1481 2744; x_wconf 83' lang='lat' dir='ltr'>Caesarium</span> <span class='ocrx_word' id='word_1_241' title='bbox 1497 2677 1719 2743; x_wconf 86' lang='lat' dir='ltr'>Arelatensem</span> <span class='ocrx_word' id='word_1_242' title='bbox 1741 2677 1925 2762; x_wconf 90' lang='lat' dir='ltr'>praesulem</span> <span class='ocrx_word' id='word_1_243' title='bbox 1947 2697 2006 2762; x_wconf 95' lang='lat' dir='ltr'>pro</span> 
     </span>
    </p>

    <p class='ocr_par' dir='ltr' id='par_1_4' title="bbox 338 2778 962 2866">
     <span class='ocr_line' id='line_1_24' title="bbox 338 2778 962 2866; baseline 0 -22"><span class='ocrx_word' id='word_1_244' title='bbox 338 2841 340 2844; x_wconf 84' lang='lat'>.</span> <span class='ocrx_word' id='word_1_245' title='bbox 373 2778 448 2866; x_wconf 88' lang='lat' dir='ltr'>ipsa</span> <span class='ocrx_word' id='word_1_246' title='bbox 470 2800 569 2846; x_wconf 88' lang='lat' dir='ltr'>causa</span> <span class='ocrx_word' id='word_1_247' title='bbox 591 2782 793 2846; x_wconf 91' lang='lat' dir='ltr'>consulturus</span> <span class='ocrx_word' id='word_1_248' title='bbox 817 2779 962 2845; x_wconf 89' lang='lat' dir='ltr'>occurrit.</span> 
     </span>
    </p>

    <p class='ocr_par' dir='ltr' id='par_1_5' title="bbox 273 2881 2058 4008">
     <span class='ocr_line' id='line_1_25' title="bbox 273 2881 2006 2970; baseline 0.002 -24"><span class='ocrx_word' id='word_1_249' title='bbox 273 2881 354 2946; x_wconf 89' lang='lat' dir='ltr'>XIX</span> <span class='ocrx_word' id='word_1_250' title='bbox 468 2885 529 2970; x_wconf 88' lang='grc'>(54)</span> <span class='ocrx_word' id='word_1_251' title='bbox 557 2884 623 2949; x_wconf 84' lang='lat' dir='ltr'>Sed</span> <span class='ocrx_word' id='word_1_252' title='bbox 646 2885 721 2967; x_wconf 89' lang='lat' dir='ltr'>quia</span> <span class='ocrx_word' id='word_1_253' title='bbox 743 2884 813 2951; x_wconf 88' lang='lat' dir='ltr'>eius</span> <span class='ocrx_word' id='word_1_254' title='bbox 836 2883 965 2967; x_wconf 91' lang='lat' dir='ltr'>singula</span> <span class='ocrx_word' id='word_1_255' title='bbox 987 2903 1050 2949; x_wconf 93' lang='lat' dir='ltr'>non</span> <span class='ocrx_word' id='word_1_256' title='bbox 1073 2885 1219 2949; x_wconf 88' lang='lat' dir='ltr'>valemus</span> <span class='ocrx_word' id='word_1_257' title='bbox 1243 2891 1398 2966; x_wconf 90' lang='lat' dir='ltr'>retexere,</span> <span class='ocrx_word' id='word_1_258' title='bbox 1429 2883 1569 2949; x_wconf 90' lang='lat' dir='ltr'>sufficiat</span> <span class='ocrx_word' id='word_1_259' title='bbox 1592 2883 1633 2949; x_wconf 92' lang='lat' dir='ltr'>de</span> <span class='ocrx_word' id='word_1_260' title='bbox 1656 2884 1802 2969; x_wconf 89' lang='lat' dir='ltr'>plurimis</span> <span class='ocrx_word' id='word_1_261' title='bbox 1825 2884 1877 2949; x_wconf 90' lang='lat' dir='ltr'>vel</span> <span class='ocrx_word' id='word_1_262' title='bbox 1900 2904 2006 2968; x_wconf 89' lang='lat' dir='ltr'>pauca</span> 
     </span>
     <span class='ocr_line' id='line_1_26' title="bbox 374 2987 2058 3074; baseline -0.002 -21"><span class='ocrx_word' id='word_1_263' title='bbox 374 2988 506 3054; x_wconf 90' lang='lat' dir='ltr'>dixisse.</span> <span class='ocrx_word' id='word_1_264' title='bbox 554 2987 640 3054; x_wconf 90' lang='lat' dir='ltr'>Illud</span> <span class='ocrx_word' id='word_1_265' title='bbox 671 3008 797 3074; x_wconf 90' lang='lat' dir='ltr'>quoque</span> <span class='ocrx_word' id='word_1_266' title='bbox 820 2988 1001 3054; x_wconf 91' lang='lat' dir='ltr'>beatissimi</span> <span class='ocrx_word' id='word_1_267' title='bbox 1022 2988 1238 3053; x_wconf 90' lang='lat' dir='ltr'>testimonium</span> <span class='ocrx_word' id='word_1_268' title='bbox 1261 2988 1399 3054; x_wconf 91' lang='lat' dir='ltr'>viventis</span> <span class='ocrx_word' id='word_1_269' title='bbox 1422 2994 1495 3073; x_wconf 90' lang='lat' dir='ltr'>post</span> <span class='ocrx_word' id='word_1_270' title='bbox 1517 2988 1637 3054; x_wconf 92' lang='lat' dir='ltr'>obitum</span> <span class='ocrx_word' id='word_1_271' title='bbox 1660 2988 1876 3053; x_wconf 89' lang='lat' dir='ltr'>necessarium</span> <span class='ocrx_word' id='word_1_272' title='bbox 1900 2987 2005 3053; x_wconf 90' lang='lat' dir='ltr'>credi·</span> <span class='ocrx_word' id='word_1_273' title='bbox 2025 3009 2058 3050; x_wconf 83' lang='grc'>11</span> 
     </span>
     <span class='ocr_line' id='line_1_27' title="bbox 373 3091 2000 3178; baseline -0.002 -20"><span class='ocrx_word' id='word_1_274' title='bbox 373 3113 445 3158; x_wconf 92' lang='lat' dir='ltr'>mus</span> <span class='ocrx_word' id='word_1_275' title='bbox 475 3113 552 3178; x_wconf 87' lang='lat' dir='ltr'>prae</span> <span class='ocrx_word' id='word_1_276' title='bbox 582 3093 697 3159; x_wconf 90' lang='lat' dir='ltr'>ceteris</span> <span class='ocrx_word' id='word_1_277' title='bbox 726 3092 970 3177; x_wconf 88' lang='lat' dir='ltr'>explicandum,</span> <span class='ocrx_word' id='word_1_278' title='bbox 1004 3092 1080 3175; x_wconf 90' lang='lat' dir='ltr'>quia</span> <span class='ocrx_word' id='word_1_279' title='bbox 1109 3092 1185 3158; x_wconf 90' lang='lat' dir='ltr'>licet</span> <span class='ocrx_word' id='word_1_280' title='bbox 1213 3099 1361 3158; x_wconf 90' lang='lat' dir='ltr'>teneatur</span> <span class='ocrx_word' id='word_1_281' title='bbox 1390 3093 1536 3158; x_wconf 90' lang='lat' dir='ltr'>clausum</span> <span class='ocrx_word' id='word_1_282' title='bbox 1567 3111 1681 3176; x_wconf 88' lang='lat' dir='ltr'>corpus</span> <span class='ocrx_word' id='word_1_283' title='bbox 1712 3092 1781 3158; x_wconf 91' lang='lat' dir='ltr'>eius</span> <span class='ocrx_word' id='word_1_284' title='bbox 1810 3091 1844 3156; x_wconf 93' lang='lat' dir='ltr'>in</span> <span class='ocrx_word' id='word_1_285' title='bbox 1865 3093 2000 3174; x_wconf 91' lang='lat' dir='ltr'>tumulo,</span> 
     </span>
     <span class='ocr_line' id='line_1_28' title="bbox 374 3195 2006 3280; baseline -0.001 -19"><span class='ocrx_word' id='word_1_286' title='bbox 374 3203 516 3262; x_wconf 88' lang='lat' dir='ltr'>attamen</span> <span class='ocrx_word' id='word_1_287' title='bbox 545 3196 622 3262; x_wconf 90' lang='lat' dir='ltr'>iusti</span> <span class='ocrx_word' id='word_1_288' title='bbox 651 3196 779 3263; x_wconf 89' lang='lat' dir='ltr'>animae</span> <span class='ocrx_word' id='word_1_289' title='bbox 809 3215 932 3262; x_wconf 90' lang='lat' dir='ltr'>merces</span> <span class='ocrx_word' id='word_1_290' title='bbox 963 3196 1152 3262; x_wconf 88' lang='lat' dir='ltr'>exuberavit</span> <span class='ocrx_word' id='word_1_291' title='bbox 1180 3196 1214 3261; x_wconf 92' lang='lat' dir='ltr'>in</span> <span class='ocrx_word' id='word_1_292' title='bbox 1243 3197 1392 3262; x_wconf 87' lang='lat' dir='ltr'>fructum.</span> <span class='ocrx_word' id='word_1_293' title='bbox 1445 3198 1505 3280; x_wconf 92' lang='grc'>(55)</span> <span class='ocrx_word' id='word_1_294' title='bbox 1534 3195 1637 3280; x_wconf 90' lang='lat' dir='ltr'>Igitur</span> <span class='ocrx_word' id='word_1_295' title='bbox 1667 3217 1737 3262; x_wconf 88' lang='lat' dir='ltr'>curu</span> <span class='ocrx_word' id='word_1_296' title='bbox 1768 3202 1897 3260; x_wconf 89' lang='lat' dir='ltr'>sanctus</span> <span class='ocrx_word' id='word_1_297' title='bbox 1921 3195 2006 3262; x_wconf 80' lang='lat' dir='ltr'>Ger-</span> 
     </span>
     <span class='ocr_line' id='line_1_29' title="bbox 372 3299 2006 3386; baseline -0.001 -21"><span class='ocrx_word' id='word_1_298' title='bbox 372 3320 487 3368; x_wconf 89' lang='lat' dir='ltr'>manus</span> <span class='ocrx_word' id='word_1_299' title='bbox 521 3301 690 3386; x_wconf 90' lang='lat' dir='ltr'>episcopus</span> <span class='ocrx_word' id='word_1_300' title='bbox 723 3301 776 3366; x_wconf 91' lang='lat' dir='ltr'>vel</span> <span class='ocrx_word' id='word_1_301' title='bbox 807 3299 1083 3384; x_wconf 89' lang='lat' dir='ltr'>conprovinciales</span> <span class='ocrx_word' id='word_1_302' title='bbox 1114 3321 1153 3366; x_wconf 90' lang='lat' dir='ltr'>ac</span> <span class='ocrx_word' id='word_1_303' title='bbox 1181 3301 1326 3385; x_wconf 91' lang='lat' dir='ltr'>pontifex</span> <span class='ocrx_word' id='word_1_304' title='bbox 1356 3319 1522 3366; x_wconf 88' lang='lat' dir='ltr'>successor</span> <span class='ocrx_word' id='word_1_305' title='bbox 1552 3300 1622 3366; x_wconf 92' lang='lat' dir='ltr'>eins</span> <span class='ocrx_word' id='word_1_306' title='bbox 1653 3307 1684 3366; x_wconf 91' lang='lat' dir='ltr'>et</span> <span class='ocrx_word' id='word_1_307' title='bbox 1713 3301 1851 3385; x_wconf 91' lang='lat' dir='ltr'>populus</span> <span class='ocrx_word' id='word_1_308' title='bbox 1882 3299 2006 3366; x_wconf 90' lang='lat' dir='ltr'>vellent</span> 
     </span>
     <span class='ocr_line' id='line_1_30' title="bbox 372 3403 2005 3489; baseline -0.002 -19"><span class='ocrx_word' id='word_1_309' title='bbox 372 3406 515 3471; x_wconf 90' lang='lat' dir='ltr'>membra</span> <span class='ocrx_word' id='word_1_310' title='bbox 545 3404 648 3470; x_wconf 89' lang='lat' dir='ltr'>sancti</span> <span class='ocrx_word' id='word_1_311' title='bbox 678 3403 711 3468; x_wconf 94' lang='lat' dir='ltr'>in</span> <span class='ocrx_word' id='word_1_312' title='bbox 742 3424 856 3469; x_wconf 89' lang='lat' dir='ltr'>novam</span> <span class='ocrx_word' id='word_1_313' title='bbox 885 3403 1054 3470; x_wconf 89' lang='lat' dir='ltr'>basilicam</span> <span class='ocrx_word' id='word_1_314' title='bbox 1085 3404 1200 3470; x_wconf 90' lang='lat' dir='ltr'>devote</span> <span class='ocrx_word' id='word_1_315' title='bbox 1222 3411 1430 3488; x_wconf 88' lang='lat' dir='ltr'>transponere</span> <span class='ocrx_word' id='word_1_316' title='bbox 1444 3410 1485 3486; x_wconf 33' lang='lat' dir='ltr'>‚et</span> <span class='ocrx_word' id='word_1_317' title='bbox 1507 3411 1637 3489; x_wconf 90' lang='lat' dir='ltr'>propter</span> <span class='ocrx_word' id='word_1_318' title='bbox 1659 3404 1796 3469; x_wconf 89' lang='lat' dir='ltr'>cellulae</span> <span class='ocrx_word' id='word_1_319' title='bbox 1820 3404 2005 3487; x_wconf 88' lang='lat' dir='ltr'>angustiam</span> 
     </span>
     <span class='ocr_line' id='line_1_31' title="bbox 372 3507 2057 3593; baseline -0.002 -21"><span class='ocrx_word' id='word_1_320' title='bbox 372 3508 406 3572; x_wconf 94' lang='lat' dir='ltr'>in</span> <span class='ocrx_word' id='word_1_321' title='bbox 437 3529 500 3593; x_wconf 91' lang='lat' dir='ltr'>qua</span> <span class='ocrx_word' id='word_1_322' title='bbox 530 3507 677 3574; x_wconf 89' lang='lat' dir='ltr'>conditus</span> <span class='ocrx_word' id='word_1_323' title='bbox 708 3507 812 3572; x_wconf 91' lang='lat' dir='ltr'>fuerat</span> <span class='ocrx_word' id='word_1_324' title='bbox 840 3528 904 3574; x_wconf 92' lang='lat' dir='ltr'>non</span> <span class='ocrx_word' id='word_1_325' title='bbox 932 3507 1061 3572; x_wconf 88' lang='lat' dir='ltr'>daretur</span> <span class='ocrx_word' id='word_1_326' title='bbox 1084 3508 1167 3573; x_wconf 90' lang='lat' dir='ltr'>sacri</span> <span class='ocrx_word' id='word_1_327' title='bbox 1191 3507 1331 3593; x_wconf 90' lang='lat' dir='ltr'>corporis</span> <span class='ocrx_word' id='word_1_328' title='bbox 1355 3507 1545 3573; x_wconf 89' lang='lat' dir='ltr'>extrahendi</span> <span class='ocrx_word' id='word_1_329' title='bbox 1568 3508 1715 3590; x_wconf 89' lang='lat' dir='ltr'>licentia,</span> <span class='ocrx_word' id='word_1_330' title='bbox 1749 3507 1870 3572; x_wconf 88' lang='lat' dir='ltr'>cunctis</span> <span class='ocrx_word' id='word_1_331' title='bbox 1893 3507 2005 3573; x_wconf 86' lang='lat' dir='ltr'>hacsi·</span> <span class='ocrx_word' id='word_1_332' title='bbox 2026 3530 2057 3570; x_wconf 82' lang='grc' dir='ltr'>1ο</span> 
     </span>
     <span class='ocr_line' id='line_1_32' title="bbox 372 3610 2005 3695; baseline 0 -19"><span class='ocrx_word' id='word_1_333' title='bbox 372 3612 514 3679; x_wconf 90' lang='lat' dir='ltr'>tantibus</span> <span class='ocrx_word' id='word_1_334' title='bbox 537 3617 570 3678; x_wconf 86' lang='lat' dir='ltr'>et</span> <span class='ocrx_word' id='word_1_335' title='bbox 591 3611 720 3677; x_wconf 90' lang='lat' dir='ltr'>incertis</span> <span class='ocrx_word' id='word_1_336' title='bbox 743 3611 820 3695; x_wconf 92' lang='lat' dir='ltr'>quid</span> <span class='ocrx_word' id='word_1_337' title='bbox 843 3619 994 3695; x_wconf 92' lang='lat' dir='ltr'>agerent,</span> <span class='ocrx_word' id='word_1_338' title='bbox 1026 3610 1110 3676; x_wconf 90' lang='lat' dir='ltr'>curis</span> <span class='ocrx_word' id='word_1_339' title='bbox 1133 3611 1343 3695; x_wconf 88' lang='lat' dir='ltr'>popularibus</span> <span class='ocrx_word' id='word_1_340' title='bbox 1367 3630 1402 3675; x_wconf 90' lang='lat' dir='ltr'>se</span> <span class='ocrx_word' id='word_1_341' title='bbox 1425 3610 1526 3675; x_wconf 90' lang='lat' dir='ltr'>virtus</span> <span class='ocrx_word' id='word_1_342' title='bbox 1548 3611 1726 3676; x_wconf 90' lang='lat' dir='ltr'>beatissimi</span> <span class='ocrx_word' id='word_1_343' title='bbox 1749 3611 1810 3676; x_wconf 92' lang='lat' dir='ltr'>viri</span> <span class='ocrx_word' id='word_1_344' title='bbox 1832 3611 2005 3676; x_wconf 87' lang='lat' dir='ltr'>mediatrix</span> 
     </span>
     <span class='ocr_line' id='line_1_33' title="bbox 371 3713 2005 3799; baseline -0.001 -19"><span class='ocrx_word' id='word_1_345' title='bbox 371 3715 544 3782; x_wconf 89' lang='lat' dir='ltr'>interserit.</span> <span class='ocrx_word' id='word_1_346' title='bbox 597 3717 657 3799; x_wconf 91' lang='grc'>(56)</span> <span class='ocrx_word' id='word_1_347' title='bbox 685 3715 770 3780; x_wconf 87' lang='lat' dir='ltr'>Nam</span> <span class='ocrx_word' id='word_1_348' title='bbox 793 3714 1038 3799; x_wconf 88' lang='lat' dir='ltr'>expectantibus</span> <span class='ocrx_word' id='word_1_349' title='bbox 1061 3714 1208 3780; x_wconf 90' lang='lat' dir='ltr'>omnibus</span> <span class='ocrx_word' id='word_1_350' title='bbox 1232 3721 1264 3780; x_wconf 89' lang='lat' dir='ltr'>et</span> <span class='ocrx_word' id='word_1_351' title='bbox 1286 3714 1365 3779; x_wconf 94' lang='lat' dir='ltr'>nihil</span> <span class='ocrx_word' id='word_1_352' title='bbox 1389 3713 1660 3796; x_wconf 90' lang='lat' dir='ltr'>deliberantibus,</span> <span class='ocrx_word' id='word_1_353' title='bbox 1696 3720 1827 3799; x_wconf 90' lang='lat' dir='ltr'>repente</span> <span class='ocrx_word' id='word_1_354' title='bbox 1849 3721 1929 3780; x_wconf 92' lang='lat' dir='ltr'>nutu</span> <span class='ocrx_word' id='word_1_355' title='bbox 1954 3714 2005 3780; x_wconf 92' lang='lat' dir='ltr'>di-</span> 
     </span>
     <span class='ocr_line' id='line_1_34' title="bbox 372 3818 2004 3904; baseline -0.001 -20"><span class='ocrx_word' id='word_1_356' title='bbox 372 3820 446 3884; x_wconf 93' lang='lat' dir='ltr'>viuo</span> <span class='ocrx_word' id='word_1_357' title='bbox 475 3819 610 3885; x_wconf 89' lang='lat' dir='ltr'>discisso</span> <span class='ocrx_word' id='word_1_358' title='bbox 640 3820 764 3904; x_wconf 89' lang='lat' dir='ltr'>pariete</span> <span class='ocrx_word' id='word_1_359' title='bbox 794 3820 932 3885; x_wconf 90' lang='lat' dir='ltr'>cellulae</span> <span class='ocrx_word' id='word_1_360' title='bbox 960 3818 1015 3902; x_wconf 92' lang='lat' dir='ltr'>qui</span> <span class='ocrx_word' id='word_1_361' title='bbox 1046 3825 1115 3884; x_wconf 90' lang='lat' dir='ltr'>erat</span> <span class='ocrx_word' id='word_1_362' title='bbox 1144 3819 1187 3884; x_wconf 90' lang='lat' dir='ltr'>ad</span> <span class='ocrx_word' id='word_1_363' title='bbox 1217 3818 1317 3902; x_wconf 89' lang='lat' dir='ltr'>pedes</span> <span class='ocrx_word' id='word_1_364' title='bbox 1341 3818 1428 3900; x_wconf 90' lang='lat' dir='ltr'>eius,</span> <span class='ocrx_word' id='word_1_365' title='bbox 1462 3826 1594 3902; x_wconf 89' lang='lat' dir='ltr'>aparte</span> <span class='ocrx_word' id='word_1_366' title='bbox 1617 3818 1764 3884; x_wconf 89' lang='lat' dir='ltr'>orientali</span> <span class='ocrx_word' id='word_1_367' title='bbox 1787 3825 1853 3884; x_wconf 91' lang='lat' dir='ltr'>tres</span> <span class='ocrx_word' id='word_1_368' title='bbox 1876 3818 2004 3904; x_wconf 89' lang='lat' dir='ltr'>lapides</span> 
     </span>
     <span class='ocr_line' id='line_1_35' title="bbox 374 3922 1762 4008; baseline 0 -21"><span class='ocrx_word' id='word_1_369' title='bbox 374 3923 572 4004; x_wconf 88' lang='lat' dir='ltr'>deciderunt,</span> <span class='ocrx_word' id='word_1_370' title='bbox 600 3924 724 3989; x_wconf 89' lang='lat' dir='ltr'>scilicet</span> <span class='ocrx_word' id='word_1_371' title='bbox 746 3922 821 3988; x_wconf 90' lang='lat' dir='ltr'>dato</span> <span class='ocrx_word' id='word_1_372' title='bbox 846 3923 948 4007; x_wconf 89' lang='lat' dir='ltr'>signo,</span> <span class='ocrx_word' id='word_1_373' title='bbox 975 3942 1033 4008; x_wconf 90' lang='lat' dir='ltr'>per</span> <span class='ocrx_word' id='word_1_374' title='bbox 1054 3923 1184 4006; x_wconf 91' lang='lat' dir='ltr'>qualern</span> <span class='ocrx_word' id='word_1_375' title='bbox 1208 3923 1312 3988; x_wconf 91' lang='lat' dir='ltr'>Iocum</span> <span class='ocrx_word' id='word_1_376' title='bbox 1335 3943 1371 3988; x_wconf 91' lang='lat' dir='ltr'>se</span> <span class='ocrx_word' id='word_1_377' title='bbox 1393 3922 1518 3988; x_wconf 90' lang='lat' dir='ltr'>iuberet</span> <span class='ocrx_word' id='word_1_378' title='bbox 1541 3923 1634 3989; x_wconf 89' lang='lat' dir='ltr'>educi</span> <span class='ocrx_word' id='word_1_379' title='bbox 1657 3942 1762 4007; x_wconf 92' lang='lat' dir='ltr'>posse.</span> 
     </span>
    </p>

    <p class='ocr_par' dir='ltr' id='par_1_6' title="bbox 288 4026 2057 4945">
     <span class='ocr_line' id='line_1_36' title="bbox 288 4026 2057 4112; baseline -0.002 -20"><span class='ocrx_word' id='word_1_380' title='bbox 288 4027 352 4092; x_wconf 90' lang='lat' dir='ltr'>XX</span> <span class='ocrx_word' id='word_1_381' title='bbox 467 4029 527 4110; x_wconf 85' lang='grc'>(51)</span> <span class='ocrx_word' id='word_1_382' title='bbox 555 4027 683 4092; x_wconf 92' lang='lat' dir='ltr'>Interea</span> <span class='ocrx_word' id='word_1_383' title='bbox 705 4027 788 4093; x_wconf 92' lang='lat' dir='ltr'>facto</span> <span class='ocrx_word' id='word_1_384' title='bbox 812 4027 911 4109; x_wconf 91' lang='lat' dir='ltr'>aditu,</span> <span class='ocrx_word' id='word_1_385' title='bbox 939 4027 1014 4092; x_wconf 92' lang='lat' dir='ltr'>dum</span> <span class='ocrx_word' id='word_1_386' title='bbox 1038 4033 1211 4092; x_wconf 88' lang='lat' dir='ltr'>concentus</span> <span class='ocrx_word' id='word_1_387' title='bbox 1234 4026 1441 4112; x_wconf 87' lang='lat' dir='ltr'>psallentium</span> <span class='ocrx_word' id='word_1_388' title='bbox 1464 4026 1507 4091; x_wconf 94' lang='lat' dir='ltr'>ad</span> <span class='ocrx_word' id='word_1_389' title='bbox 1530 4033 1675 4092; x_wconf 90' lang='lat' dir='ltr'>sanctum</span> <span class='ocrx_word' id='word_1_390' title='bbox 1699 4027 1903 4110; x_wconf 89' lang='lat' dir='ltr'>sepulchrum</span> <span class='ocrx_word' id='word_1_391' title='bbox 1928 4046 2004 4111; x_wconf 88' lang='lat' dir='ltr'>pro·</span> <span class='ocrx_word' id='word_1_392' title='bbox 2025 4049 2057 4090; x_wconf 81' lang='lat' dir='ltr'>rs</span> 
     </span>
     <span class='ocr_line' id='line_1_37' title="bbox 372 4129 2005 4217; baseline 0.001 -23"><span class='ocrx_word' id='word_1_393' title='bbox 372 4131 534 4214; x_wconf 83' lang='lat' dir='ltr'>graditur,</span> <span class='ocrx_word' id='word_1_394' title='bbox 568 4132 601 4196; x_wconf 92' lang='lat' dir='ltr'>in</span> <span class='ocrx_word' id='word_1_395' title='bbox 631 4131 700 4196; x_wconf 90' lang='lat' dir='ltr'>loc&#39;o</span> <span class='ocrx_word' id='word_1_396' title='bbox 731 4152 787 4215; x_wconf 91' lang='lat' dir='ltr'>per</span> <span class='ocrx_word' id='word_1_397' title='bbox 817 4152 913 4214; x_wconf 90' lang='lat' dir='ltr'>quem</span> <span class='ocrx_word' id='word_1_398' title='bbox 936 4137 985 4195; x_wconf 90' lang='lat' dir='ltr'>est</span> <span class='ocrx_word' id='word_1_399' title='bbox 1008 4130 1141 4196; x_wconf 92' lang='lat' dir='ltr'>eductus</span> <span class='ocrx_word' id='word_1_400' title='bbox 1164 4131 1271 4217; x_wconf 88' lang='lat' dir='ltr'>palam</span> <span class='ocrx_word' id='word_1_401' title='bbox 1294 4136 1360 4195; x_wconf 91' lang='lat' dir='ltr'>tres</span> <span class='ocrx_word' id='word_1_402' title='bbox 1383 4130 1553 4214; x_wconf 89' lang='lat' dir='ltr'>paralytici</span> <span class='ocrx_word' id='word_1_403' title='bbox 1576 4130 1640 4195; x_wconf 89' lang='lat' dir='ltr'>iam</span> <span class='ocrx_word' id='word_1_404' title='bbox 1665 4131 1720 4196; x_wconf 93' lang='lat' dir='ltr'>diu</span> <span class='ocrx_word' id='word_1_405' title='bbox 1742 4129 1905 4214; x_wconf 90' lang='lat' dir='ltr'>desperati</span> <span class='ocrx_word' id='word_1_406' title='bbox 1928 4130 2005 4196; x_wconf 91' lang='lat' dir='ltr'>red-</span> 
     </span>
     <span class='ocr_line' id='line_1_38' title="bbox 372 4232 2004 4320; baseline -0.001 -19"><span class='ocrx_word' id='word_1_407' title='bbox 372 4235 431 4301; x_wconf 90' lang='lat' dir='ltr'>diti</span> <span class='ocrx_word' id='word_1_408' title='bbox 454 4243 529 4300; x_wconf 91' lang='lat' dir='ltr'>suut</span> <span class='ocrx_word' id='word_1_409' title='bbox 552 4235 682 4301; x_wconf 86' lang='lat' dir='ltr'>sanitati</span> <span class='ocrx_word' id='word_1_410' title='bbox 705 4256 743 4300; x_wconf 90' lang='lat' dir='ltr'>ao</span> <span class='ocrx_word' id='word_1_411' title='bbox 765 4235 855 4301; x_wconf 87' lang='lat' dir='ltr'>nervi</span> <span class='ocrx_word' id='word_1_412' title='bbox 877 4236 1072 4320; x_wconf 89' lang='lat' dir='ltr'>praemortui</span> <span class='ocrx_word' id='word_1_413' title='bbox 1095 4235 1249 4300; x_wconf 89' lang='lat' dir='ltr'>vivificari</span> <span class='ocrx_word' id='word_1_414' title='bbox 1272 4234 1452 4300; x_wconf 88' lang='lat' dir='ltr'>didicerunt</span> <span class='ocrx_word' id='word_1_415' title='bbox 1475 4234 1516 4300; x_wconf 92' lang='lat' dir='ltr'>de</span> <span class='ocrx_word' id='word_1_416' title='bbox 1535 4233 1656 4299; x_wconf 88' lang='lat' dir='ltr'>meritis</span> <span class='ocrx_word' id='word_1_417' title='bbox 1673 4234 1802 4318; x_wconf 89' lang='lat' dir='ltr'>sepulti,</span> <span class='ocrx_word' id='word_1_418' title='bbox 1830 4232 2004 4316; x_wconf 88' lang='lat' dir='ltr'>statimque</span> 
     </span>
     <span class='ocr_line' id='line_1_39' title="bbox 373 4337 2005 4424; baseline -0.001 -21"><span class='ocrx_word' id='word_1_419' title='bbox 373 4338 435 4404; x_wconf 90' lang='lat' dir='ltr'>duo</span> <span class='ocrx_word' id='word_1_420' title='bbox 465 4339 554 4404; x_wconf 89' lang='lat' dir='ltr'>caeci</span> <span class='ocrx_word' id='word_1_421' title='bbox 584 4346 657 4404; x_wconf 89' lang='lat' dir='ltr'>sunt</span> <span class='ocrx_word' id='word_1_422' title='bbox 686 4339 806 4424; x_wconf 87' lang='lat' dir='ltr'>pariter</span> <span class='ocrx_word' id='word_1_423' title='bbox 834 4339 1015 4406; x_wconf 91' lang='lat' dir='ltr'>inluminati</span> <span class='ocrx_word' id='word_1_424' title='bbox 1044 4341 1175 4406; x_wconf 89' lang='lat' dir='ltr'>tandem</span> <span class='ocrx_word' id='word_1_425' title='bbox 1205 4339 1379 4423; x_wconf 88' lang='lat' dir='ltr'>aliquando</span> <span class='ocrx_word' id='word_1_426' title='bbox 1405 4345 1569 4405; x_wconf 90' lang='lat' dir='ltr'>sumentes</span> <span class='ocrx_word' id='word_1_427' title='bbox 1592 4339 1714 4404; x_wconf 90' lang='lat' dir='ltr'>lumina</span> <span class='ocrx_word' id='word_1_428' title='bbox 1737 4338 1801 4404; x_wconf 92' lang='lat' dir='ltr'>diei</span> <span class='ocrx_word' id='word_1_429' title='bbox 1825 4339 1865 4403; x_wconf 90' lang='lat' dir='ltr'>ab</span> <span class='ocrx_word' id='word_1_430' title='bbox 1888 4337 2005 4402; x_wconf 89' lang='lat' dir='ltr'>umbra</span> 
     </span>
     <span class='ocr_line' id='line_1_40' title="bbox 374 4439 2004 4528; baseline -0.001 -21"><span class='ocrx_word' id='word_1_431' title='bbox 374 4442 525 4524; x_wconf 88' lang='lat' dir='ltr'>defuncti,</span> <span class='ocrx_word' id='word_1_432' title='bbox 553 4443 700 4508; x_wconf 89' lang='lat' dir='ltr'>nimirum</span> <span class='ocrx_word' id='word_1_433' title='bbox 724 4451 936 4528; x_wconf 88' lang='lat' dir='ltr'>agnoscentes</span> <span class='ocrx_word' id='word_1_434' title='bbox 959 4444 1029 4510; x_wconf 90' lang='lat' dir='ltr'>eius</span> <span class='ocrx_word' id='word_1_435' title='bbox 1053 4444 1247 4510; x_wconf 89' lang='lat' dir='ltr'>adminiculo</span> <span class='ocrx_word' id='word_1_436' title='bbox 1272 4463 1307 4508; x_wconf 92' lang='lat' dir='ltr'>se</span> <span class='ocrx_word' id='word_1_437' title='bbox 1330 4461 1426 4528; x_wconf 90' lang='lat' dir='ltr'>posse</span> <span class='ocrx_word' id='word_1_438' title='bbox 1448 4444 1557 4508; x_wconf 92' lang='lat' dir='ltr'>lumen</span> <span class='ocrx_word' id='word_1_439' title='bbox 1581 4442 1744 4525; x_wconf 91' lang='lat' dir='ltr'>consequi,</span> <span class='ocrx_word' id='word_1_440' title='bbox 1772 4441 1862 4507; x_wconf 90' lang='lat' dir='ltr'>cuins</span> <span class='ocrx_word' id='word_1_441' title='bbox 1886 4439 2004 4506; x_wconf 87' lang='lat' dir='ltr'>virtute</span> 
     </span>
     <span class='ocr_line' id='line_1_41' title="bbox 372 4544 2056 4632; baseline -0.001 -22"><span class='ocrx_word' id='word_1_442' title='bbox 372 4546 530 4631; x_wconf 87' lang='lat' dir='ltr'>potuisset</span> <span class='ocrx_word' id='word_1_443' title='bbox 551 4546 660 4632; x_wconf 87' lang='lat' dir='ltr'>paries</span> <span class='ocrx_word' id='word_1_444' title='bbox 683 4546 863 4613; x_wconf 87' lang='lat' dir='ltr'>fenestrari.</span> <span class='ocrx_word' id='word_1_445' title='bbox 917 4550 976 4632; x_wconf 84' lang='grc'>(58)</span> <span class='ocrx_word' id='word_1_446' title='bbox 1005 4548 1065 4612; x_wconf 86' lang='grc' dir='ltr'>Η11</span> <span class='ocrx_word' id='word_1_447' title='bbox 1088 4555 1121 4613; x_wconf 90' lang='lat' dir='ltr'>et</span> <span class='ocrx_word' id='word_1_448' title='bbox 1143 4547 1412 4629; x_wconf 89' lang='lat' dir='ltr'>consequentibus</span> <span class='ocrx_word' id='word_1_449' title='bbox 1435 4546 1570 4612; x_wconf 89' lang='lat' dir='ltr'>infinitis</span> <span class='ocrx_word' id='word_1_450' title='bbox 1593 4545 1773 4626; x_wconf 88' lang='lat' dir='ltr'>miraculis,</span> <span class='ocrx_word' id='word_1_451' title='bbox 1801 4544 1862 4610; x_wconf 93' lang='lat' dir='ltr'>etsi</span> <span class='ocrx_word' id='word_1_452' title='bbox 1885 4544 2004 4609; x_wconf 89' lang='lat' dir='ltr'>summi</span> <span class='ocrx_word' id='word_1_453' title='bbox 2023 4567 2056 4608; x_wconf 74' lang='lat' dir='ltr'>ro</span> 
     </span>
     <span class='ocr_line' id='line_1_42' title="bbox 371 4648 2004 4736; baseline -0.002 -20"><span class='ocrx_word' id='word_1_454' title='bbox 371 4650 531 4735; x_wconf 87' lang='lat' dir='ltr'>pontificis</span> <span class='ocrx_word' id='word_1_455' title='bbox 561 4653 704 4718; x_wconf 90' lang='lat' dir='ltr'>membra</span> <span class='ocrx_word' id='word_1_456' title='bbox 733 4652 889 4718; x_wconf 89' lang='lat' dir='ltr'>recubant</span> <span class='ocrx_word' id='word_1_457' title='bbox 916 4652 950 4716; x_wconf 95' lang='lat' dir='ltr'>in</span> <span class='ocrx_word' id='word_1_458' title='bbox 981 4652 1178 4736; x_wconf 88' lang='lat' dir='ltr'>sepulchris,</span> <span class='ocrx_word' id='word_1_459' title='bbox 1211 4657 1352 4716; x_wconf 90' lang='lat' dir='ltr'>attamen</span> <span class='ocrx_word' id='word_1_460' title='bbox 1382 4671 1439 4733; x_wconf 90' lang='lat' dir='ltr'>per</span> <span class='ocrx_word' id='word_1_461' title='bbox 1468 4650 1620 4716; x_wconf 89' lang='lat' dir='ltr'>creatoris</span> <span class='ocrx_word' id='word_1_462' title='bbox 1650 4649 1787 4732; x_wconf 90' lang='lat' dir='ltr'>gratiam</span> <span class='ocrx_word' id='word_1_463' title='bbox 1812 4648 1846 4712; x_wconf 95' lang='lat' dir='ltr'>in</span> <span class='ocrx_word' id='word_1_464' title='bbox 1869 4654 2004 4713; x_wconf 90' lang='lat' dir='ltr'>aeterua</span> 
     </span>
     <span class='ocr_line' id='line_1_43' title="bbox 372 4750 2003 4838; baseline -0.002 -18"><span class='ocrx_word' id='word_1_465' title='bbox 372 4756 502 4821; x_wconf 90' lang='lat' dir='ltr'>saecula</span> <span class='ocrx_word' id='word_1_466' title='bbox 532 4756 645 4822; x_wconf 92' lang='lat' dir='ltr'>vivunt</span> <span class='ocrx_word' id='word_1_467' title='bbox 673 4757 787 4821; x_wconf 90' lang='lat' dir='ltr'>merita</span> <span class='ocrx_word' id='word_1_468' title='bbox 816 4755 1018 4821; x_wconf 90' lang='lat' dir='ltr'>confessoris.</span> <span class='ocrx_word' id='word_1_469' title='bbox 1071 4756 1131 4838; x_wconf 81' lang='grc'>(59)</span> <span class='ocrx_word' id='word_1_470' title='bbox 1161 4755 1221 4820; x_wconf 89' lang='lat' dir='ltr'>Hic</span> <span class='ocrx_word' id='word_1_471' title='bbox 1250 4755 1359 4838; x_wconf 89' lang='lat' dir='ltr'>itaque</span> <span class='ocrx_word' id='word_1_472' title='bbox 1389 4754 1521 4819; x_wconf 88' lang='lat' dir='ltr'>caelesti</span> <span class='ocrx_word' id='word_1_473' title='bbox 1548 4753 1630 4818; x_wconf 92' lang='lat' dir='ltr'>dono</span> <span class='ocrx_word' id='word_1_474' title='bbox 1653 4752 1846 4818; x_wconf 90' lang='lat' dir='ltr'>venerandis</span> <span class='ocrx_word' id='word_1_475' title='bbox 1869 4750 2003 4817; x_wconf 88' lang='lat' dir='ltr'>fioribus</span> 
     </span>
     <span class='ocr_line' id='line_1_44' title="bbox 370 4855 2005 4945; baseline -0.002 -22"><span class='ocrx_word' id='word_1_476' title='bbox 370 4859 562 4944; x_wconf 85' lang='lat' dir='ltr'>adornatus,</span> <span class='ocrx_word' id='word_1_477' title='bbox 597 4860 712 4943; x_wconf 89' lang='lat' dir='ltr'>viginti</span> <span class='ocrx_word' id='word_1_478' title='bbox 741 4860 834 4925; x_wconf 90' lang='lat' dir='ltr'>annis</span> <span class='ocrx_word' id='word_1_479' title='bbox 858 4869 889 4925; x_wconf 90' lang='lat' dir='ltr'>et</span> <span class='ocrx_word' id='word_1_480' title='bbox 913 4879 970 4925; x_wconf 85' lang='lat' dir='ltr'>sex</span> <span class='ocrx_word' id='word_1_481' title='bbox 994 4861 1159 4926; x_wconf 89' lang='lat' dir='ltr'>mensibus</span> <span class='ocrx_word' id='word_1_482' title='bbox 1182 4858 1399 4945; x_wconf 85' lang='lat' dir='ltr'>pontificalem</span> <span class='ocrx_word' id='word_1_483' title='bbox 1422 4857 1546 4943; x_wconf 88' lang='lat' dir='ltr'>apicem</span> <span class='ocrx_word' id='word_1_484' title='bbox 1570 4857 1788 4922; x_wconf 89' lang='lat' dir='ltr'>ecclesiastica</span> <span class='ocrx_word' id='word_1_485' title='bbox 1811 4855 2005 4938; x_wconf 87' lang='lat' dir='ltr'>regulariter</span> 
     </span>
    </p>
   </div>
   <div class='ocr_carea' id='block_1_3' title="bbox 372 4993 781 5001">
    <p class='ocr_par' dir='ltr' id='par_1_7' title="bbox 372 4993 781 5001">
     <span class='ocr_line' id='line_1_45' title="bbox 372 4993 781 5001; baseline 0 -1"><span class='ocrx_word' id='word_1_486' title='bbox 372 4993 489 5000; x_wconf 72' lang='lat'>--—--—-</span> <span class='ocrx_word' id='word_1_487' title='bbox 504 4996 527 5000; x_wconf 77' lang='lat'>-.</span> <span class='ocrx_word' id='word_1_488' title='bbox 552 4997 586 5000; x_wconf 37' lang='grc' dir='ltr'>ἡ.</span> <span class='ocrx_word' id='word_1_489' title='bbox 633 4996 712 5001; x_wconf 78' lang='grc'>.--</span> <span class='ocrx_word' id='word_1_490' title='bbox 722 4996 781 5001; x_wconf 68' lang='grc'>.,--.,</span> 
     </span>
    </p>
   </div>
   <div class='ocr_carea' id='block_1_4' title="bbox 458 5051 694 5115">
    <p class='ocr_par' dir='ltr' id='par_1_8' title="bbox 458 5051 694 5115">
     <span class='ocr_line' id='line_1_46' title="bbox 458 5051 694 5115; baseline 0 -15"><span class='ocrx_word' id='word_1_491' title='bbox 458 5051 487 5101; x_wconf 94' lang='grc'>11</span> <span class='ocrx_word' id='word_1_492' title='bbox 509 5055 584 5115; x_wconf 69' lang='lat' dir='ltr'>upa..</span> <span class='ocrx_word' id='word_1_493' title='bbox 609 5052 648 5114; x_wconf 80' lang='lat' dir='ltr'>ra,</span> <span class='ocrx_word' id='word_1_494' title='bbox 670 5053 694 5100; x_wconf 89' lang='grc'>1.</span> 
     </span>
    </p>
   </div>
   <div class='ocr_carea' id='block_1_5' title="bbox 369 5205 2003 5710">
    <p class='ocr_par' dir='ltr' id='par_1_9' title="bbox 369 5205 2003 5710">
     <span class='ocr_line' id='line_1_47' title="bbox 457 5205 2003 5274; baseline -0.002 -18"><span class='ocrx_word' id='word_1_495' title='bbox 457 5209 471 5256; x_wconf 87' lang='lat'>5</span> <span class='ocrx_word' id='word_1_496' title='bbox 490 5209 599 5256; x_wconf 78' lang='lat' dir='ltr'>fleotomi</span> <span class='ocrx_word' id='word_1_497' title='bbox 617 5209 639 5254; x_wconf 88' lang='grc' dir='ltr'><em>Ε</em></span> <span class='ocrx_word' id='word_1_498' title='bbox 770 5207 797 5257; x_wconf 90' lang='grc'>11</span> <span class='ocrx_word' id='word_1_499' title='bbox 820 5205 1017 5274; x_wconf 85' lang='lat' dir='ltr'>condempnans]</span> <span class='ocrx_word' id='word_1_500' title='bbox 1034 5208 1067 5269; x_wconf 81' lang='lat' dir='ltr'>cs.</span> <span class='ocrx_word' id='word_1_501' title='bbox 1089 5223 1157 5258; x_wconf 78' lang='lat' dir='ltr'>coac.</span> <span class='ocrx_word' id='word_1_502' title='bbox 1179 5209 1266 5257; x_wconf 80' lang='lat' dir='ltr'>Aurcl.</span> <span class='ocrx_word' id='word_1_503' title='bbox 1288 5209 1342 5269; x_wconf 88' lang='lat'>111,</span> <span class='ocrx_word' id='word_1_504' title='bbox 1364 5222 1383 5258; x_wconf 81' lang='lat' dir='ltr'>c.</span> <span class='ocrx_word' id='word_1_505' title='bbox 1407 5210 1455 5255; x_wconf 83' lang='lat'>10:</span> <span class='ocrx_word' id='word_1_506' title='bbox 1476 5207 1507 5254; x_wconf 88' lang='lat' dir='ltr'>de</span> <span class='ocrx_word' id='word_1_507' title='bbox 1526 5206 1629 5254; x_wconf 86' lang='lat' dir='ltr'>incestis</span> <span class='ocrx_word' id='word_1_508' title='bbox 1648 5206 1864 5254; x_wconf 82' lang='lat' dir='ltr'>coniunctionibus</span> <span class='ocrx_word' id='word_1_509' title='bbox 1882 5206 1917 5252; x_wconf 76' lang='lat' dir='ltr'>ita</span> <span class='ocrx_word' id='word_1_510' title='bbox 1936 5219 2003 5266; x_wconf 77' lang='lat' dir='ltr'>quae</span> 
     </span>
     <span class='ocr_line' id='line_1_48' title="bbox 369 5289 2003 5361; baseline -0.002 -17"><span class='ocrx_word' id='word_1_511' title='bbox 369 5303 430 5346; x_wconf 84' lang='lat' dir='ltr'>sunt</span> <span class='ocrx_word' id='word_1_512' title='bbox 448 5302 542 5344; x_wconf 84' lang='lat' dir='ltr'>statuta</span> <span class='ocrx_word' id='word_1_513' title='bbox 560 5302 693 5344; x_wconf 83' lang='lat' dir='ltr'>seruentur</span> <span class='ocrx_word' id='word_1_514' title='bbox 828 5295 858 5344; x_wconf 81' lang='lat'>14</span> <span class='ocrx_word' id='word_1_515' title='bbox 878 5292 943 5361; x_wconf 85' lang='lat' dir='ltr'>uoti]</span> <span class='ocrx_word' id='word_1_516' title='bbox 965 5297 1059 5343; x_wconf 79' lang='lat' dir='ltr'>Ecum</span> <span class='ocrx_word' id='word_1_517' title='bbox 1078 5295 1160 5356; x_wconf 80' lang='lat' dir='ltr'>Surio,</span> <span class='ocrx_word' id='word_1_518' title='bbox 1182 5297 1263 5343; x_wconf 84' lang='lat' dir='ltr'>uetita</span> <span class='ocrx_word' id='word_1_519' title='bbox 1282 5293 1349 5342; x_wconf 84' lang='lat' dir='ltr'>Mcb.</span> <span class='ocrx_word' id='word_1_520' title='bbox 1484 5292 1516 5341; x_wconf 80' lang='lat'>27</span> <span class='ocrx_word' id='word_1_521' title='bbox 1536 5306 1669 5354; x_wconf 82' lang='lat' dir='ltr'>germanus</span> <span class='ocrx_word' id='word_1_522' title='bbox 1687 5289 1831 5358; x_wconf 85' lang='lat' dir='ltr'>epIscopus]</span> <span class='ocrx_word' id='word_1_523' title='bbox 1850 5293 2003 5352; x_wconf 82' lang='lat' dir='ltr'>parisiorum</span> 
     </span>
     <span class='ocr_line' id='line_1_49' title="bbox 369 5379 1999 5446; baseline -0.003 -15"><span class='ocrx_word' id='word_1_524' title='bbox 369 5383 427 5434; x_wconf 82' lang='lat' dir='ltr'>odd.</span> <span class='ocrx_word' id='word_1_525' title='bbox 449 5382 553 5442; x_wconf 80' lang='lat' dir='ltr'>Sarius,</span> <span class='ocrx_word' id='word_1_526' title='bbox 580 5397 711 5445; x_wconf 84' lang='lat' dir='ltr'>germanus</span> <span class='ocrx_word' id='word_1_527' title='bbox 729 5384 936 5445; x_wconf 82' lang='lat' dir='ltr'>parisiacensium</span> <span class='ocrx_word' id='word_1_528' title='bbox 954 5385 1084 5444; x_wconf 87' lang='lat' dir='ltr'>episcopus</span> <span class='ocrx_word' id='word_1_529' title='bbox 1104 5382 1183 5446; x_wconf 74' lang='lat' dir='ltr'>Mat,</span> <span class='ocrx_word' id='word_1_530' title='bbox 1210 5381 1246 5442; x_wconf 83' lang='lat' dir='ltr'>cs.</span> <span class='ocrx_word' id='word_1_531' title='bbox 1267 5382 1375 5429; x_wconf 83' lang='lat' dir='ltr'>chortam</span> <span class='ocrx_word' id='word_1_532' title='bbox 1395 5380 1490 5444; x_wconf 73' lang='lat' dir='ltr'>Nefinpl</span> <span class='ocrx_word' id='word_1_533' title='bbox 1508 5397 1531 5429; x_wconf 87' lang='lat' dir='ltr'>u.</span> <span class='ocrx_word' id='word_1_534' title='bbox 1555 5381 1613 5440; x_wconf 66' lang='grc'><strong>912.</strong></span> <span class='ocrx_word' id='word_1_535' title='bbox 1645 5379 1731 5428; x_wconf 80' lang='lat' dir='ltr'>dutum</span> <span class='ocrx_word' id='word_1_536' title='bbox 1752 5379 1827 5440; x_wconf 83' lang='lat' dir='ltr'>(Gall.</span> <span class='ocrx_word' id='word_1_537' title='bbox 1851 5379 1905 5427; x_wconf 83' lang='lat' dir='ltr'>Chr.</span> <span class='ocrx_word' id='word_1_538' title='bbox 1927 5380 1999 5442; x_wconf 82' lang='lat' dir='ltr'>XII&#39;,</span> 
     </span>
     <span class='ocr_line' id='line_1_50' title="bbox 370 5467 2002 5532; baseline -0.004 -13"><span class='ocrx_word' id='word_1_539' title='bbox 370 5475 440 5520; x_wconf 82' lang='lat' dir='ltr'>imlr.</span> <span class='ocrx_word' id='word_1_540' title='bbox 458 5487 486 5532; x_wconf 85' lang='lat' dir='ltr'>p.</span> <span class='ocrx_word' id='word_1_541' title='bbox 507 5471 583 5532; x_wconf 73' lang='lat' dir='ltr'>ml:</span> <span class='ocrx_word' id='word_1_542' title='bbox 605 5472 684 5518; x_wconf 81' lang='lat' dir='ltr'>sciant</span> <span class='ocrx_word' id='word_1_543' title='bbox 702 5471 779 5529; x_wconf 86' lang='lat' dir='ltr'>igitur</span> <span class='ocrx_word' id='word_1_544' title='bbox 798 5483 953 5518; x_wconf 83' lang='lat' dir='ltr'>successores</span> <span class='ocrx_word' id='word_1_545' title='bbox 973 5471 1053 5518; x_wconf 88' lang='lat' dir='ltr'>nostrl</span> <span class='ocrx_word' id='word_1_546' title='bbox 1071 5471 1199 5518; x_wconf 84' lang='lat' dir='ltr'>coelestum</span> <span class='ocrx_word' id='word_1_547' title='bbox 1219 5471 1299 5517; x_wconf 87' lang='lat' dir='ltr'>sancti</span> <span class='ocrx_word' id='word_1_548' title='bbox 1317 5469 1408 5528; x_wconf 77' lang='lat' dir='ltr'>albini,</span> <span class='ocrx_word' id='word_1_549' title='bbox 1430 5483 1493 5531; x_wconf 87' lang='lat' dir='ltr'>quae</span> <span class='ocrx_word' id='word_1_550' title='bbox 1512 5483 1526 5515; x_wconf 83' lang='grc'>1</span> <span class='ocrx_word' id='word_1_551' title='bbox 1543 5475 1627 5515; x_wconf 87' lang='lat' dir='ltr'>sancto</span> <span class='ocrx_word' id='word_1_552' title='bbox 1646 5480 1761 5528; x_wconf 85' lang='lat' dir='ltr'>germano</span> <span class='ocrx_word' id='word_1_553' title='bbox 1779 5467 1925 5530; x_wconf 85' lang='lat' dir='ltr'>parisiorum</span> <span class='ocrx_word' id='word_1_554' title='bbox 1945 5468 2002 5529; x_wconf 84' lang='lat' dir='ltr'>api·</span> 
     </span>
     <span class='ocr_line' id='line_1_51' title="bbox 370 5552 2000 5620; baseline -0.001 -16"><span class='ocrx_word' id='word_1_555' title='bbox 370 5572 442 5620; x_wconf 87' lang='lat' dir='ltr'>scopo</span> <span class='ocrx_word' id='word_1_556' title='bbox 460 5559 591 5607; x_wconf 87' lang='lat' dir='ltr'>uoluntate</span> <span class='ocrx_word' id='word_1_557' title='bbox 610 5563 635 5604; x_wconf 88' lang='lat' dir='ltr'>ct</span> <span class='ocrx_word' id='word_1_558' title='bbox 653 5559 757 5618; x_wconf 85' lang='lat' dir='ltr'>Imperio</span> <span class='ocrx_word' id='word_1_559' title='bbox 775 5556 924 5605; x_wconf 86' lang='lat' dir='ltr'>childeberti</span> <span class='ocrx_word' id='word_1_560' title='bbox 943 5557 1008 5618; x_wconf 85' lang='lat' dir='ltr'>regis</span> <span class='ocrx_word' id='word_1_561' title='bbox 1027 5563 1085 5605; x_wconf 85' lang='lat' dir='ltr'>ante</span> <span class='ocrx_word' id='word_1_562' title='bbox 1105 5563 1199 5617; x_wconf 85' lang='lat' dir='ltr'>portam</span> <span class='ocrx_word' id='word_1_563' title='bbox 1218 5557 1401 5616; x_wconf 77' lang='lat' dir='ltr'>andegaviensIs</span> <span class='ocrx_word' id='word_1_564' title='bbox 1415 5556 1484 5603; x_wconf 91' lang='lat' dir='ltr'>urbis</span> <span class='ocrx_word' id='word_1_565' title='bbox 1497 5569 1587 5604; x_wconf 89' lang='lat' dir='ltr'>uersus</span> <span class='ocrx_word' id='word_1_566' title='bbox 1600 5556 1721 5603; x_wconf 82' lang='lat' dir='ltr'>orientem</span> <span class='ocrx_word' id='word_1_567' title='bbox 1735 5552 1838 5602; x_wconf 84' lang='lat' dir='ltr'>fundata</span> <span class='ocrx_word' id='word_1_568' title='bbox 1852 5558 1890 5602; x_wconf 84' lang='lat' dir='ltr'>est</span> <span class='ocrx_word' id='word_1_569' title='bbox 1902 5567 1922 5604; x_wconf 77' lang='lat' dir='ltr'>e.</span> <span class='ocrx_word' id='word_1_570' title='bbox 1940 5571 1962 5615; x_wconf 83' lang='lat' dir='ltr'>q.</span> <span class='ocrx_word' id='word_1_571' title='bbox 1979 5568 2000 5602; x_wconf 85' lang='lat' dir='ltr'>s.</span> 
     </span>
     <span class='ocr_line' id='line_1_52' title="bbox 369 5639 1377 5710; baseline -0.004 -16"><span class='ocrx_word' id='word_1_572' title='bbox 369 5640 565 5710; x_wconf 69' lang='grc'><strong>1111111111]</strong></span> <span class='ocrx_word' id='word_1_573' title='bbox 585 5644 646 5691; x_wconf 77' lang='lat' dir='ltr'>Eat</span> <span class='ocrx_word' id='word_1_574' title='bbox 665 5644 763 5707; x_wconf 73' lang='grc'><strong>81111111,</strong></span> <span class='ocrx_word' id='word_1_575' title='bbox 784 5643 914 5695; x_wconf 86' lang='lat' dir='ltr'>duodecim</span> <span class='ocrx_word' id='word_1_576' title='bbox 935 5643 1000 5693; x_wconf 81' lang='lat' dir='ltr'>Mal.</span> <span class='ocrx_word' id='word_1_577' title='bbox 1108 5643 1140 5692; x_wconf 83' lang='lat'>43</span> <span class='ocrx_word' id='word_1_578' title='bbox 1161 5639 1217 5709; x_wconf 86' lang='lat' dir='ltr'>sex]</span> <span class='ocrx_word' id='word_1_579' title='bbox 1236 5649 1332 5706; x_wconf 86' lang='lat' dir='ltr'>septem</span> <span class='ocrx_word' id='word_1_580' title='bbox 1357 5643 1377 5690; x_wconf 85' lang='lat' dir='ltr'><strong><em>Y</em></strong></span> 
     </span>
    </p>
   </div>
   <div class='ocr_carea' id='block_1_6' title="bbox 0 0 2232 6197">
    <p class='ocr_par' dir='ltr' id='par_1_10' title="bbox 0 0 2232 6197">
     <span class='ocr_line' id='line_1_53' title="bbox 0 0 2232 6197; baseline 0 0"><span class='ocrx_word' id='word_1_581' title='bbox 0 0 2232 6197; x_wconf 95' lang='lat' dir='ltr'> </span> 
     </span>
    </p>
   </div>
  </div>
 </body>
</html>
