4456 6202
834 357 928 414 VITA
947 357 1085 414 SANGTI
1103 354 1279 414 Paruum.
1834 363 1875 424 35

247 550 433 632 mansisset,
466 549 651 617 advenienti
681 549 811 614 iteranti
833 555 866 614 et
886 549 993 634 ipsum
1016 549 1131 616 beatus
1155 549 1312 614 Paternus
1334 547 1376 614 ad
1399 547 1631 614 humanitatem
1654 549 1790 633 largitus
1813 555 1873 632 est,

247 652 382 738 cupiens
412 654 506 720 bomo
535 653 588 719 dei
616 650 721 736 magis
751 651 874 718 hocin
902 654 1083 720 mercedem
1112 673 1209 737 quam
1236 653 1438 720 1111111111
1460 653 1644 720 recondere.
1697 653 1759 736 (21)
1785 654 1878 718 Tunc

248 775 339 824 sacer
361 757 503 824 Scubilio
530 758 610 823 hora
640 756 822 841 conpetenti
849 755 959 841 rogat,
993 758 1115 824 utiam
1138 757 1293 824 deberent
1315 756 1458 824 relicere.
1506 756 1567 824 Oui
1588 757 1787 843 respondens
1811 756 1872 822 ait:

247 859 394 928 Christus
416 861 471 944 qui
494 881 622 946 semper
643 859 787 926 abundat
807 867 980 946 praeparat
1002 861 1070 928 1111
1094 861 1226 929 cibaria.
1279 861 1340 945 (22)
1368 860 1461 940 Quod
1483 861 1583 928 irater
1604 861 1739 928 moleste
1755 860 1874 942 ferens,

217 985 288 1031 seo
317 965 404 1048 quod
432 972 506 1051 post
533 966 676 1031 laborem
705 984 769 1030 non
796 964 964 1031 invenerat
989 965 1075 1032 unde
1099 986 1133 1032 se
1156 965 1311 1050 fatigatus
1333 964 1494 1031 reliceret:
1530 971 1563 1030 et
1583 971 1691 1032 tamen
1713 985 1770 1050 pro
1793 963 1879 1030 servi

248 1087 324 1136 osca
351 1068 471 1134 domini
500 1089 577 1135 cura
604 1068 779 1153 pervigilat
805 1089 866 1135 nec
895 1068 1012 1135 famem
1043 1069 1112 1155 pati
1128 1063 1285 1155 'permisit
1314 1069 1368 1153 qui
1397 1068 1550 1136 esurienti
1577 1069 1696 1134 victum
1722 1067 1875 1154 inpertiit.

253 1173 314 1257 (23)
342 1173 425 1239 Nam
449 1172 519 1239 sine
541 1193 631 1239 mora
652 1172 828 1239 Witberius
851 1173 974 1259 primus
997 1193 1106 1239 eorum
1129 1173 1308 1258 discipulus
1330 1173 1414 1239 inter
1435 1171 1558 1238 ieiunia
1578 1170 1686 1237 intulit
1707 1170 1804 1236 xenia
1825 1190 1880 1236 oo-

248 1275 340 1361 piosa
369 1283 402 1343 ct
430 1275 661 1361 multiplicarit
690 1276 828 1356 cibaria,
861 1276 1035 1344 reiectione
1066 1277 1213 1344 dilatata.
1261 1277 1316 1343 Sic
1344 1277 1428 1343 intra
1458 1276 1557 1343 horae
1578 1273 1771 1342 momentum
1795 1273 1879 1358 quod

246 1379 406 1464 indigenti
428 1381 564 1447 dederat
585 1400 658 1446 cum
680 1400 798 1464 magno
820 1380 931 1447 fenore
953 1389 1155 1466 receperunt.

201 1501 229 1546 ro
342 1485 402 1568 (24)
428 1483 543 1568 ltaque
569 1481 745 1550 reiectione
767 1491 900 1568 peracta
921 1485 1049 1568 aqualis
1072 1485 1176 1569 liquor
1198 1485 1382 1551 sitientibus
1406 1484 1534 1567 deerat,
1567 1483 1642 1567 quia
1663 1488 1753 1548 tanto
1775 1482 1880 1567 magis
1902 1484 1979 1550 VIII

249 1577 323 1654 caio
353 1587 518 1654 desiderat
539 1588 672 1674 pocula,
705 1588 920 1674 quantoplus
944 1588 1096 1655 saturitas
1119 1588 1302 1656 exardescit
1323 1595 1397 1674 post
1419 1607 1537 1654 escam.
1584 1587 1658 1652 Mox
1680 1586 1715 1652 in
1737 1586 1880 1654 oratione

248 1690 372 1776 prolusi
394 1691 557 1758 Christum
586 1697 752 1757 aeternum
784 1691 903 1758 iontem
933 1689 1121 1777 precantur,
1155 1698 1190 1758 ut
1219 1691 1289 1779 ipse
1319 1692 1386 1758 suis
1408 1691 1540 1758 famulis
1563 1711 1681 1773 aquam
1703 1689 1825 1756 tribnat
1846 1690 1879 1754 in

249 1793 394 1876 deserto,
425 1795 480 1878 qui
502 1800 578 1860 tunc
599 1794 811 1862 Israheliticis
833 1795 920 1862 unda
942 1796 1086 1863 manavit
1106 1796 1140 1863 in
1162 1796 1302 1862 heremo.
1356 1796 1417 1879 (25)
1443 1795 1527 1860 Η111
1549 1793 1726 1860 divinitatis
1748 1793 1880 1859 auribus

252 1919 270 1965 c
293 1898 399 1965 vicino
422 1898 584 1966 exauditis
607 1898 774 1985 precibus,
801 1899 856 1964 ubi
879 1900 993 1966 beatus
1016 1900 1173 1965 Paiemus
1196 1899 1304 1984 tetigit
1324 1900 1366 1966 dc
1387 1899 1503 1964 baculo
1526 1898 1657 1964 humum
1680 1895 1752 1963 sons
1775 1896 1881 1983 erupit

202 2023 232 2066 11
252 2003 294 2069 ab
324 2003 444 2087 abysso
470 2009 503 2069 et
523 2003 570 2068 ita
592 2003 721 2088 replens
745 2001 884 2084 exilivit,
918 2023 957 2068 ac
980 2003 1008 2068 si
1030 2003 1160 2089 Moyses
1182 2004 1265 2070 aiter
1286 2002 1379 2087 virga
1400 2002 1583 2089 perforante
1605 2020 1707 2084 aquas
1729 2001 1882 2068 traxisset

249 2107 290 2172 de
312 2107 434 2192 lapido.
924 2189 926 2192 v

339 2212 400 2296 (26)
428 2210 528 2277 Cuius
553 2229 672 2277 causae
695 2210 783 2275 sama
805 2217 969 2277 crescente
992 2211 1042 2277 vir
1063 2211 1258 2278 venerabilis
1282 2209 1466 2277 Generosos
1489 2209 1574 2275 abba
1596 2229 1705 2275 eorum
1728 2217 1802 2295 post
1823 2210 1881 2275 tri-
1901 2210 1950 2277 IX

250 2313 380 2380 ennium
402 2314 447 2380 ad
467 2313 677 2397 requirendos
699 2315 875 2382 monachos
897 2321 964 2380 tam
987 2317 1070 2382 bene
1093 2315 1136 2381 ad
1152 2314 1314 2382 Christum
1337 2313 1491 2397 fugitivos
1510 2313 1662 2399 perrexit.
1715 2315 1774 2396 (27)
1802 2313 1883 2391 Qui-

249 2419 310 2485 bus
339 2417 497 2502 inventis,
531 2418 677 2503 agnoscit
706 2425 853 2485 sanctum
874 2419 1047 2486 Paternum
1076 2439 1112 2486 se
1140 2419 1175 2484 in
1204 2419 1300 2484 valde
1330 2417 1397 2484 1111
1423 2417 1527 2483 ardua
1549 2416 1794 2500 constrinxisse,
1827 2417 1882 2502 qui

200 2543 230 2590 ro
250 2529 377 2607 praeter
406 2541 523 2606 panem
554 2528 586 2588 et
612 2542 730 2606 aquam
761 2523 814 2589 111
841 2523 953 2589 holera
981 2524 1051 2591 sale
1081 2522 1211 2589 condita
1239 2523 1331 2588 nulla
1358 2521 1506 2588 sumebat
1528 2520 1662 2588 cibaria.
1707 2521 1882 2607 Aspectum

249 2645 325 2692 vero
348 2645 441 2691 suum
464 2646 527 2692 non
550 2627 653 2691 solum
676 2647 697 2692 a
719 2625 911 2692 feminarum
935 2626 1113 2694 sedetiam
1137 2647 1158 2692 a
1180 2626 1320 2692 virorum
1343 2624 1529 2691 removebat
1550 2624 1750 2708 praesentia,
1784 2629 1819 2690 ut
1840 2625 1881 2690 ab

250 2729 396 2795 omnibus
430 2735 608 2795 summotus
642 2729 778 2796 sollicite
809 2737 993 2815 expectaret
1024 2731 1183 2797 adventus
1211 2731 1377 2814 angelicos
1405 2735 1438 2795 et
1466 2733 1624 2794 cresceret
1650 2727 1684 2792 11
1714 2727 1883 2796 divinitate

249 2833 336 2917 quod
359 2832 489 2898 deesset
510 2832 545 2897 in
566 2832 706 2898 bomine.
760 2833 820 2917 (28)
848 2834 1016 2899 Lectulum
1039 2854 1212 2918 numquam
1228 2835 1363 2914 babens,
1388 2831 1522 2899 lectaria
1537 2831 1696 2914 nesciens,
1722 2831 1756 2897 in
1771 2832 1882 2916 pluma

250 2955 355 3019 neque
378 2941 474 3021 caput
494 2935 666 3016 reclinans,
694 2936 758 3002 nisi
780 2943 871 3004 veste
893 2938 1113 3004 tantummodo
1135 2937 1254 3022 quain
1278 2938 1331 3003 die
1353 2955 1431 3003 usus
1454 2941 1504 3002 est
1525 2954 1565 3000 ea
1585 2955 1645 3019 per
1665 2943 1790 3002 noctem
1806 2955 1883 3003 oon-

201 3059 232 3104 11
250 3045 358 3105 tentus
386 3045 445 3105 est.
493 3039 554 3104 Pro
583 3038 673 3104 molli
701 3040 778 3106 iana
806 3040 962 3106 hirsutum
994 3041 1132 3107 cilicium
1154 3041 1310 3124 induens,
1345 3046 1380 3106 ut
1400 3039 1485 3105 inter
1505 3038 1601 3104 boras
1624 3039 1748 3124 soporis
1771 3045 1804 3105 11
1825 3059 1883 3126 per

191 3129 200 3150 ⁰
251 3141 391 3226 quietem
412 3140 565 3227 temporis
587 3162 651 3208 non
673 3149 760 3209 esset
774 3144 902 3227 requies
917 3145 1059 3230 corporis
1075 3152 1108 3212 11
1122 3152 1244 3214 mutato
1260 3143 1371 3212 ordine
1386 3143 1494 3210 adbuc
1508 3148 1581 3228 post
1595 3148 1702 3208 actum
1717 3140 1804 3208 diem
1819 3163 1883 3208 nox

252 3244 439 3312 succederet
460 3245 493 3310 11
515 3246 638 3312 labore.
690 3249 751 3331 (29)
779 3247 872 3326 Quod
895 3249 998 3314 abbas
1023 3269 1101 3315 suns
1120 3249 1295 3335 Inspiciens
1311 3249 1395 3314 ultra
1411 3246 1609 3333 propositum
1623 3246 1768 3328 regulae,
1794 3247 1884 3313 velut

251 3349 462 3436 inpatientem
491 3369 609 3432 equum
638 3351 755 3418 acriter
783 3358 1005 3419 excurrentem
1035 3373 1093 3438 per
1121 3353 1262 3439 inposita
1289 3351 1372 3418 ireni
1394 3351 1538 3437 pondera
1559 3349 1602 3415 ad
1623 3348 1789 3416 moderata
1810 3370 1883 3416 eum

251 3452 567 3538 1111111111111111,
593 3453 756 3540 imperans
779 3463 814 3522 ut
835 3476 896 3522 nec
917 3457 1085 3523 reclausus
1108 3463 1196 3524 esset
1217 3464 1282 3524 tam
1305 3455 1405 3522 ardue
1427 3474 1531 3538 neque
1553 3453 1694 3520 virorum
1710 3461 1882 3539 conspectu

202 3581 233 3622 so
253 3557 306 3624 111
337 3555 506 3642 conloquio
532 3577 568 3624 se
597 3557 778 3642 fraudaret,
812 3559 946 3645 insuper
974 3567 1008 3627 11
1035 3561 1171 3628 cellulas
1199 3579 1281 3644 quas
1309 3559 1382 3645 ipse
1409 3559 1605 3626 insumeret
1633 3558 1668 3623 in
1690 3557 1885 3624 111111111-

250 3663 311 3728 bus
333 3660 491 3729 alsitaret.

343 3765 405 3849 (30)
431 3765 482 3831 De
511 3784 574 3848 quo
604 3764 680 3850 qnia
710 3766 871 3833 debonis
902 3775 989 3834 esset
1019 3767 1206 3855 parentibus
1235 3773 1301 3832 tam
1330 3765 1521 3853 apontifioe
1543 3765 1720 3832 Leontiano
1742 3785 1838 3850 quam
1859 3788 1881 3832 a
1904 3768 1936 3833 X

255 3869 381 3936 civibus
402 3875 550 3955 prompte
574 3869 765 3938 testificatus
787 3877 847 3938 est.
895 3871 997 3950 Quem
1020 3872 1054 3938 in
1076 3872 1147 3938 ioco
1170 3871 1417 3954 commendans,
1449 3870 1579 3937 beatum
1602 3868 1820 3936 Soubilionem
1842 3871 1884 3936 ad

252 3973 482 4040 monasterium
510 3991 683 4058 revocans,
717 3995 816 4061 parvo
844 3974 1016 4042 1111111111
1042 3975 1087 4042 ad
1108 3975 1240 4042 fratrem
1263 3974 1367 4042 redire
1390 3972 1547 4059 permisit.
1599 3975 1661 4058 (31)
1688 3974 1814 4040 Dehinc
1836 3975 1885 4041 vir

202 4100 234 4142 11
253 4077 306 4144 dei
329 4078 487 4143 Paternus
517 4097 537 4142 a
566 4083 677 4144 sancto
699 4078 876 4145 Leontiano
907 4078 1061 4146 diaconus
1088 4100 1128 4146 ac
1157 4079 1326 4166 presbyter
1350 4078 1531 4160 institutus,
1564 4083 1717 4160 quantum
1741 4078 1884 4162 dignitas

253 4188 400 4248 11111111
427 4187 553 4246 tantum
584 4201 619 4248 se
647 4181 820 4248 virtutibus
848 4183 1037 4249 honorabat.
1084 4182 1209 4260 Quibus
1239 4182 1388 4266 gemellis
1418 4180 1594 4248 cultoribus
1624 4187 1731 4248 tantus
1760 4183 1794 4249 in
1824 4183 1886 4249 Se-

253 4285 360 4352 sciaco
388 4283 598 4351 adolescebat
627 4285 752 4368 gratiae
784 4286 906 4352 fructus
937 4287 978 4353 de
1004 4287 1096 4354 verbi
1118 4287 1239 4354 semine
1261 4286 1407 4372 genitus,
1440 4292 1476 4352 11
1497 4285 1608 4352 lanum
1631 4286 1757 4370 profani
1779 4287 1884 4353 cultus

252 4389 372 4475 ereptis
394 4389 577 4456 hominibus
602 4390 812 4476 deputaretur
833 4391 1002 4476 pecoribus
1025 4397 1057 4457 et
1079 4391 1262 4457 insensatus
1285 4390 1373 4456 locus
1395 4389 1485 4456 fieret
1507 4388 1695 4456 animalium
1718 4391 1880 4457 clausura.

257 4493 318 4578 (32)
345 4492 508 4578 Spelunca
539 4513 614 4560 vcro
644 4495 720 4578 quia
752 4500 784 4560 et
813 4495 896 4561 tales
926 4495 1054 4562 accolas
1085 4494 1230 4581 excepit,
1263 4499 1386 4560 tantum
1410 4491 1514 4577 coepit
1535 4492 1654 4559 nobilis
1676 4493 1763 4560 floris
1785 4494 1883 4560 odore

341 4753 372 4804 15
393 4753 468 4802 Num.
489 4754 533 4818 20,
554 4753 594 4804 11.

339 4996 351 5045 1
372 4994 487 5065 iteranti]
506 5000 522 5048 1.
545 5013 568 5060 q.
589 4999 720 5048 itineranti
855 4998 871 5047 2
888 5002 938 5061 qde
958 4998 981 5045 P
1113 4999 1128 5049 i
1147 4999 1290 5049 cuithenua
1309 4999 1341 5062 li,
1361 4998 1483 5048 uuitbsns
1501 4999 1591 5048 Sarius
1704 4997 1813 5067 Ieiunia]
1831 5013 1885 5049 sera

252 5083 312 5134 add.
332 5085 398 5133 Bou.
558 5083 573 5133 Β
591 5085 668 5134 dilata
686 5086 753 5135 Mab.
775 5087 832 5135 aas
851 5086 919 5135 Bou.
1077 5091 1204 5138 momento
1224 5087 1247 5135 P
1403 5084 1434 5136 12
1452 5081 1595 5152 catomum]
1612 5086 1681 5134 11111
1700 5085 1757 5137 odd.
1780 5084 1847 5137 Mcb.
1868 5089 1885 5136 2

254 5171 284 5222 11
304 5172 379 5220 abbas
397 5184 483 5220 eorum
501 5185 636 5232 gcnmosus
657 5172 687 5235 Z,
708 5185 843 5232 generosus
861 5185 909 5221 orn.
934 5172 1026 5221 Ioum
1045 5172 1112 5222 1110.
1135 5177 1148 5221 1
1285 5171 1318 5222 26
1337 5173 1456 5235 temporit
1474 5172 1583 5232 rhythmo
1600 5175 1703 5234 eertum,
1722 5185 1767 5235 per
1784 5177 1885 5236 tempus

253 5260 347 5320 quictis
366 5257 433 5308 1111.
455 5259 472 5306 2
605 5257 639 5308 30
657 5273 686 5308 11
704 5256 842 5326 irandarst]
861 5257 1020 5308 defraudaret
1038 5258 1106 5309 1111.
1127 5261 1143 5308 2
1247 5263 1421 5309 construxerat
1439 5257 1504 5310 Mod.
1527 5259 1584 5306 211
1601 5257 1668 5307 Boii.
1775 5255 1886 5326 uicibus]

191 5381 193 5389 .
252 5344 286 5406 os.
307 5359 384 5394 111111.
405 5345 429 5407 1,
451 5347 493 5407 11,
513 5345 547 5394 31
661 5343 842 5402 3211111111
860 5346 913 5408 sess
932 5346 965 5410 Ρ,
984 5346 1141 5396 leontiniano
1161 5346 1183 5394 Ζ
1296 5345 1328 5396 33
1348 5359 1423 5408 quem
1440 5371 1476 5380 -
1493 5341 1526 5392 34
1544 5340 1672 5411 permisit]
1689 5345 1817 5406 praelatus
1834 5347 1885 5393 ita-

250 5445 300 5495 qus
324 5433 400 5481 abbas
417 5445 475 5480 eum
493 5435 626 5493 paternum
645 5432 763 5480 omnibns
781 5434 901 5481 iratribus
920 5438 946 5481 st
966 5433 1053 5482 mnndi
1072 5434 1231 5498 prinpribus
1249 5434 1312 5482 satis
1331 5431 1530 5483 commendasset
1548 5436 1575 5479 et
1591 5431 1620 5479 in
1637 5431 1725 5480 sedem
1742 5445 1791 5494 quo
1810 5433 1885 5493 dege·

250 5519 294 5568 bat
311 5519 363 5568 loco
381 5519 564 5580 montmoret,
585 5523 640 5567 tum
658 5518 826 5568 scubilionem
844 5518 875 5567 ad
892 5521 1074 5569 monasterium
1093 5521 1174 5569 redire
1192 5521 1320 5582 praecepit
1337 5523 1364 5568 st
1381 5520 1408 5566 in
1427 5519 1553 5580 aliquibus
1572 5522 1710 5567 corradum
1727 5523 1786 5582 post
1804 5520 1885 5568 modi·

251 5619 309 5656 cum
327 5611 431 5668 tempus
449 5605 600 5656 1111111111
617 5609 750 5668 paternum
768 5604 849 5654 redire
867 5605 1021 5668 permIsitY
1123 5606 1155 5658 36
1174 5607 1266 5671 quibus
1284 5633 1320 5643 -
1334 5621 1361 5668 p.
1381 5603 1423 5667 ts,
1438 5603 1471 5655 io
1489 5618 1566 5668 qnam
1584 5600 1703 5671 corporis]
1721 5618 1769 5653 om.
1786 5603 1881 5656 illabi

251 5692 282 5742 31
302 5687 343 5758 11]
361 5693 389 5740 11
406 5689 465 5741 add.
487 5691 510 5739 P
613 5691 646 5742 39
664 5688 775 5759 tanturn]
793 5695 888 5754 scripsi,
909 5697 996 5740 111111
1016 5691 1045 5755 Ρ,
1064 5695 1235 5757 1111811111,
1255 5694 1331 5743 stiam
1350 5692 1417 5742 1111.
1438 5693 1455 5740 2
1559 5691 1655 5740 nobiles
1673 5691 1787 5740 dorsal'

1640 5791 1678 5843 51
