4456 6202
676 365 790 421 LIBER
807 363 858 419 DE
878 361 1112 418 VIRTVTIBVS
1132 358 1269 416 snncvl
1287 357 1444 415 HILARII.
1855 363 1874 426 7

243 559 381 625 hostium
411 563 638 644 propugnator.
686 553 787 620 Cuius
810 553 897 620 dicta
918 552 974 636 qui
995 551 1112 636 legerit
1134 570 1197 616 non
1219 549 1322 616 credit
1344 549 1451 616 dicere
1474 549 1533 616 sed
1553 556 1675 616 tonme.
1723 550 1792 617 Hoc
1814 549 1877 618 fuit

242 663 328 728 ultra
343 661 488 728 homines
504 679 619 746 sapere
634 665 700 725 tam
715 664 810 724 caute
825 657 866 723 de
882 656 1038 740 religione
1054 674 1196 722 censere.
1249 655 1310 739 (52)
1339 654 1405 720 Sed
1424 654 1480 737 qui
1494 654 1565 720 vult
1577 654 1684 739 ipsum
1699 673 1873 738 agnoscere
1895 656 1957 722 XV

242 767 315 833 eius'
335 765 435 832 exilia
456 770 626 846 memoret,
660 761 775 828 men'ta
797 760 964 846 respiciat,
995 758 1161 825 volumina
1182 759 1322 842 relegat,
1349 758 1436 824 dicta
1458 758 1653 844 perpendat,
1681 758 1775 842 signa
1797 759 1876 824 coti-

244 870 343 936 diana
372 874 571 954 percenseat.
619 866 682 944 Qui
711 865 787 931 duru
817 862 975 948 superetis
1004 862 1065 928 fuit
1093 861 1127 927 in
1156 863 1285 928 saeculo
1307 867 1364 928 aut
1385 860 1515 946 scripsit
1536 861 1774 928 ecclesiasticae
1796 861 1875 928 fidei

175 967 451 1055 'edocumenta,
485 978 541 1038 aut
569 968 743 1056 pugnando
766 966 904 1034 caleavit
927 966 1091 1033 haeretica
1112 965 1262 1048 crimina,
1296 970 1352 1032 aut
1374 965 1495 1050 petenti
1516 964 1628 1031 tribuit
1649 966 1874 1032 miraculorum

242 1076 415 1160 suffragia:
440 1095 523 1159 quae
545 1075 674 1141 volente
697 1072 827 1139 domino
848 1090 950 1154 usque
972 1071 1006 1135 in
1028 1069 1217 1136 hodiernum
1239 1069 1326 1134 diem
1348 1068 1418 1135 eins
1441 1069 1637 1135 orationibus
1651 1076 1871 1155 perseverant.

245 1183 306 1266 (53)
335 1178 401 1246 Sed
423 1199 495 1245 msa
516 1178 631 1264 lingua
652 1197 716 1243 non
740 1175 859 1242 sufficit
881 1174 1010 1258 singula
1033 1174 1074 1239 de
1096 1179 1208 1239 sancto
1232 1172 1347 1259 spiritu
1369 1173 1430 1258 qui
1446 1192 1504 1257 per
1522 1193 1596 1240 eum
1612 1180 1645 1241 et
1658 1180 1810 1262 operatus
1825 1183 1875 1243 est

241 1291 274 1350 et
294 1285 436 1367 loeutuS,
462 1282 545 1349 sicut
565 1281 615 1348 illi
637 1281 770 1365 dignum
793 1286 860 1360 est,
887 1284 999 1345 cuncta
1021 1276 1174 1362 proferre.
1222 1277 1286 1342 Det
1307 1276 1386 1342 mihi
1409 1277 1482 1361 pius
1505 1276 1649 1362 veniam,
1674 1279 1750 1362 quia
1772 1281 1874 1346 multa
1895 1280 1973 1345 XVI

240 1387 392 1473 praeterii
414 1386 469 1469 qui
492 1385 548 1452 vix
569 1405 674 1470 pauca
696 1382 880 1467 conscripsi.
933 1383 992 1466 (54)
1021 1381 1072 1447 Ita
1092 1381 1299 1446 beatissimus
1318 1380 1462 1448 Hilarius
1485 1380 1526 1450 de
1549 1383 1728 1468 praesentis
1751 1383 1874 1450 saeculi

110 1477 111 1484 '
192 1513 221 1554 ro
241 1491 308 1557 vita
329 1511 400 1556 cum
423 1489 528 1575 gloria
549 1488 701 1572 migravit
722 1487 766 1553 ad
789 1485 952 1554 Christum
973 1492 1060 1552 terra
1080 1485 1237 1571 plorante,
1264 1485 1355 1551 caelo
1376 1484 1550 1570 gaudente.

905 1715 1211 1722 Ἣ

498 1893 659 1996 LIBER
689 1896 762 1995 DE
794 1892 1129 1992 VIRTVTIBVS
1161 1891 1358 1994 strevi
1388 1893 1613 1992 fflntsii.

330 2117 370 2201 (1)
398 2115 539 2180 Domno
563 2129 691 2179 sonoro
714 2128 758 2176 ur
780 2127 919 2176 nnarnrs
940 2127 1142 2176 auarissimo
1156 2127 1258 2176 savar
1274 2109 1468 2174 Pisoniano
1483 2127 1593 2175 ranan
1607 2129 1652 2176 nv
1666 2131 1704 2178 nv
1720 2113 1871 2183 (inarare
1893 2118 1909 2182 1

238 2237 434 2286 rnonrorrsa
456 2235 674 2284 vnnnvnrvna
696 2232 865 2282 castrare
886 2231 1125 2280 vnnnavumvs
1141 2209 1326 2280 neonusmu
1341 2230 1613 2280 mmauonusvs
1628 2216 1869 2286 Fonvvrvsvvs.
1917 2205 1933 2233 '

239 2322 319 2389 (lum
353 2328 479 2389 veteres
512 2327 545 2387 et
576 2319 756 2387 infidelium
791 2318 971 2386 conditores
999 2318 1198 2385 voluminum
1228 2316 1431 2402 eloquentiae
1462 2336 1542 2384 suae
1571 2339 1720 2406 pompam
1751 2324 1873 2390 cunctis

192 2449 220 2491 rs
239 2425 410 2494 ostendere
439 2443 539 2492 eausa
567 2423 791 2510 provocaverit
819 2423 980 2507 opinionis
1008 2421 1156 2489 inflatae:
1189 2421 1265 2487 dum
1294 2441 1407 2507 regum
1429 2426 1505 2486 vota
1527 2440 1585 2488 seu
1607 2422 1733 2508 funera,
1766 2425 1874 2493 idest

239 2549 395 2618 prospera
417 2529 470 2596 vel
493 2528 650 2612 adversa,
682 2526 816 2593 confuso
838 2527 926 2594 vocis
949 2527 1060 2594 ordine
1083 2527 1223 2610 quodam
1247 2524 1341 2592 modo
1364 2524 1428 2592 visi
1452 2532 1526 2592 sunt
1546 2534 1677 2594 cantare
1699 2530 1819 2614 pariter
1840 2537 1873 2599 et

238 2636 383 2721 plorare,
416 2640 450 2700 ut
476 2640 541 2699 tam
570 2633 624 2717 qui
648 2631 799 2698 dixerunt
819 2632 873 2697 vel
895 2629 936 2696 de
959 2631 1076 2715 quibus
1098 2630 1196 2697 locuti
1219 2635 1293 2696 suut
1315 2629 1423 2696 saltim
1444 2629 1479 2695 in
1502 2630 1593 2696 libris
1615 2631 1775 2719 viverent,
1810 2635 1872 2702 etsi

238 2737 349 2804 vacuis
378 2738 504 2803 actibus
531 2736 672 2804 inaniter
700 2736 911 2802 defecissent:
947 2755 1003 2802 cur
1030 2754 1091 2820 ego
1120 2733 1261 2801 melioris
1284 2734 1354 2820 spei
1377 2733 1568 2802 sollicitatus
1591 2735 1743 2805 instinctu
1766 2741 1873 2825 patiar

238 2841 363 2908 reticeri
386 2841 426 2907 de
450 2841 566 2908 summi
588 2839 783 2907 confessoris
805 2839 989 2905 viventibus
1011 2839 1133 2905 meritis
1155 2845 1188 2905 et
1208 2837 1375 2905 victoriisi
1405 2838 1445 2923 (2)
1472 2859 1535 2904 non
1558 2838 1639 2923 sine,
1665 2842 1751 2925 quod
1773 2845 1868 2928 absit,

189 2967 219 3009 m
239 2944 402 3010 vindictae
425 2943 575 3010 caelestis
597 2943 745 3027 incursu,
779 2963 852 3010 cum
873 2943 930 3010 vix
953 2942 1063 3009 debita
1084 2943 1259 3027 solverem,
1294 2941 1323 3008 si
1345 2941 1385 3008 de
1407 2941 1495 3009 beati
1516 2943 1635 3009 Hilarii
1656 2943 1871 3015 indeficientis

238 3047 398 3134 lampadis
431 3045 602 3131 splendore
635 3046 834 3131 infatigabili
866 3066 944 3114 voce
978 3046 1030 3114 die
1064 3046 1249 3113 continuata
1281 3066 1354 3112 cum
1382 3051 1474 3113 noete
1502 3046 1622 3132 pariter
1650 3047 1867 3118 decantarem.

243 3155 282 3238 (3)
310 3151 383 3230 Qua
405 3171 481 3218 vero
503 3151 556 3218 vel
578 3151 726 3217 inretitus
747 3151 918 3219 inscientia
940 3152 993 3217 vel
1015 3150 1164 3235 inpulsus
1187 3150 1320 3232 offensa,
1347 3149 1381 3215 iu
1404 3169 1444 3216 ea
1459 3150 1623 3218 voluntate
1639 3154 1730 3236 gravi
1744 3161 1870 3242 torpore

237 3256 461 3342 persisterem,
496 3261 531 3320 ut
556 3273 627 3321 cum
650 3253 701 3320 illi
722 3254 860 3340 plurimo
884 3254 1011 3339 decepti
1033 3261 1170 3321 tractatu
1192 3253 1233 3319 de
1255 3254 1397 3320 resoluta
1419 3253 1604 3320 umbrarum
1626 3255 1768 3342 imagine
1789 3280 1871 3326 nou-

238 3358 328 3425 nulla
358 3357 549 3426 conficerent
578 3363 612 3424 et
641 3356 674 3423 in
703 3359 871 3443 pulverem
900 3357 1031 3425 redacta
1061 3357 1222 3424 cadevera
1251 3356 1343 3423 falsis
1374 3357 1468 3440 quasi
1497 3356 1647 3426 leudibus
1677 3361 1866 3448 animarent,

324 3620 336 3671 l
357 3617 436 3689 dicta]
453 3621 565 3670 doetrlna
587 3619 609 3667 V
711 3624 797 3669 tonare
815 3645 851 3656 -
870 3618 902 3669 10
920 3615 1057 3686 gaudente]
1082 3621 1144 3670 obiit
1161 3623 1247 3669 autem
1264 3620 1393 3683 praefatus
1410 3621 1527 3684 pontifex
1544 3621 1648 3671 hilarius
1666 3623 1708 3672 dle
1726 3623 1813 3674 iduum
1832 3628 1870 3676 ta·

237 3711 389 3759 nuariarum.
427 3708 550 3770 reliquiae
568 3708 624 3756 elus
642 3707 753 3770 platanis
770 3713 831 3757 sunt
849 3706 974 3772 conditae,
992 3709 1020 3756 in
1038 3721 1087 3770 quo
1105 3708 1158 3756 loco
1175 3707 1297 3757 bacuane
1315 3707 1403 3755 diuina
1421 3707 1543 3756 beneficia
1561 3712 1706 3774 operantur,
1728 3713 1782 3772 ipso
1799 3727 1871 3776 pras-

236 3801 329 3858 stants,
350 3797 394 3857 qul
412 3796 481 3844 uiuit
498 3798 525 3843 et
542 3798 630 3854 regnat
647 3793 710 3842 deus
728 3795 754 3842 iu
775 3795 874 3842 saecula
892 3795 1056 3844 saeculorum.
1078 3807 1150 3843 amen
1175 3794 1196 3842 Y
1320 3791 1335 3842 2
1353 3794 1480 3844 hominem
1499 3793 1544 3857 (V)
1648 3809 1801 3862 ,cognoscere
1821 3799 1867 3862 (V)

236 3884 252 3935 8
271 3879 345 3951 mibi]
363 3896 410 3932 om.
433 3882 454 3929 V
556 3879 572 3930 9
590 3881 728 3946 praeteriui
751 3881 771 3929 V
872 3878 1021 3948 conscripsi]
1040 3895 1073 3930 ne
1091 3893 1148 3942 ergo
1165 3881 1256 3943 pagina
1274 3893 1331 3928 curn
1350 3881 1403 3929 still
1421 3882 1562 3931 rusticitate
1580 3895 1694 3931 necnon
1713 3889 1739 3932 ct
1750 3885 1869 3948 loquendi

236 3971 365 4019 nimietate
383 3969 508 4031 prolixius
526 3973 633 4018 extensa
651 3968 771 4028 ullescat,
800 3968 927 4018 scribendi
945 3969 995 4017 iam
1013 3968 1134 4017 debemus
1152 3971 1295 4016 construere
1313 3972 1402 4016 metas.
1440 3971 1480 4016 cat
1498 3973 1581 4017 umen
1599 3969 1705 4030 dignum
1723 3971 1869 4035 iuuerltque

235 4059 281 4107 boc
300 4071 380 4108 unum
398 4061 499 4105 tantum
516 4056 619 4119 referre,
641 4055 764 4117 quomodo
782 4055 859 4104 buius
877 4056 961 4104 sancti
980 4055 1029 4104 uiri
1048 4055 1131 4104 anima
1149 4054 1233 4103 diuini
1250 4054 1355 4102 luminis
1373 4053 1470 4116 fulgore
1488 4055 1606 4115 migrauit
1624 4063 1736 4119 excepta.
1769 4063 1869 4109 tantum

235 4123 343 4206 namque
367 4143 453 4191 lumen
476 4142 594 4191 ecclesiae
616 4141 678 4190 duur
702 4142 849 4190 infirmando
874 4143 1001 4191 obscurari
1026 4142 1163 4204 coepisset,
1190 4140 1360 4190 uenerabilem
1385 4140 1470 4190 ulrum
1494 4141 1607 4191 leonium
1625 4144 1738 4193 eiusdem
1756 4147 1868 4196 ciuitatis

235 4230 410 4292 presbyterum
433 4229 540 4290 quadam
563 4228 603 4276 dle
630 4228 752 4276 secretins
770 4227 821 4276 sibl
839 4229 954 4276 accersiri
972 4227 1118 4291 mandauit,
1145 4229 1169 4276 el
1186 4233 1271 4276 autem
1288 4226 1357 4274 idem
1376 4227 1491 4276 sacerdos
1510 4229 1626 4278 credulus
1644 4236 1671 4280 et
1688 4232 1867 4284 ditectiasimua

236 4316 383 4364 habebatur.
421 4328 530 4376 cumque
548 4315 743 4364 imminentibus
761 4316 841 4363 noctis
860 4316 970 4364 tenebris
989 4329 1047 4364 eum
1066 4316 1137 4364 exire
1154 4319 1181 4363 et
1199 4315 1221 4363 sl
1239 4314 1301 4376 qnid
1317 4315 1379 4364 foria
1398 4314 1498 4363 audiret
1516 4317 1564 4364 sibi
1582 4319 1723 4368 renuntiari
1740 4320 1865 4384 iussisset,

235 4404 291 4465 ipse
316 4414 392 4451 uoces
416 4401 593 4450 tumultuantis
617 4401 700 4450 adbuc
725 4403 814 4467 populi
839 4403 953 4452 ciuitatis
978 4416 1006 4450 se
1029 4403 1132 4452 audisse
1156 4406 1287 4450 reuertens
1311 4402 1437 4463 exposuit.
1475 4404 1628 4464 persistebat
1650 4406 1736 4467 itaque
1759 4408 1868 4467 uigilans

236 4487 348 4550 iustique
373 4489 448 4534 tinem
472 4491 624 4552 expectans,
650 4488 763 4536 animum
786 4490 932 4538 nouissimis
956 4490 1013 4537 elus
1037 4493 1064 4537 et
1082 4489 1216 4537 carissimis
1235 4488 1451 4538 exhortationibus
1469 4491 1594 4539 reficiens.
1633 4491 1725 4540 deinde
1744 4498 1867 4556 tempesta

234 4575 285 4622 iam
309 4579 380 4622 nocte
405 4587 494 4622 rursus
518 4588 534 4621 a
551 4579 636 4623 sancto
653 4580 754 4635 rogatur
771 4577 840 4624 exire
859 4577 970 4638 quidque
989 4575 1079 4624 auditu
1097 4576 1225 4638 percipere
1244 4581 1329 4636 posset
1346 4575 1395 4622 sibi
1412 4577 1505 4623 iacenti
1523 4576 1553 4625 sd
1571 4577 1665 4627 lectum
1684 4580 1785 4628 referre.
1823 4581 1867 4643 qui

235 4660 294 4708 dum
319 4660 414 4709 nullius
437 4660 547 4708 sonitum
572 4663 614 4710 uel
639 4663 842 4711 mussitationem
861 4677 888 4711 ss
907 4663 1018 4711 sensisse
1036 4663 1184 4726 renuntiat,
1211 4675 1269 4710 mox
1287 4660 1405 4724 splendor
1421 4663 1614 4712 inaestimabilis
1631 4664 1764 4730 claritatis,
1791 4681 1867 4730 quem

234 4747 333 4795 leonina
356 4760 384 4794 se
406 4759 456 4795 non
481 4746 594 4809 potuisse
617 4748 683 4796 ferre
709 4748 848 4812 fatebatur,
873 4763 919 4812 per
936 4749 1073 4798 fenestram
1092 4765 1105 4798 a
1122 4753 1193 4812 parts
1212 4748 1297 4797 altaris
1316 4747 1430 4796 eiusdem
1447 4749 1578 4814 basilicae,
1604 4750 1631 4799 lu
1649 4765 1700 4814 qua
1718 4754 1866 4804 sanissimus

234 4832 374 4881 decubabat
398 4833 514 4882 infirmus
541 4835 679 4897 (infirmum
703 4837 769 4884 mute
786 4835 909 4884 Retraham
924 4851 951 4897 p.
972 4835 1052 4899 319),
1078 4836 1228 4897 ingreditur.
1267 4834 1404 4884 secundum
1427 4847 1536 4898 namque
1559 4839 1700 4899 apostolum
1723 4840 1868 4891 intirmatus

233 4932 307 4968 carne
325 4921 418 4983 spiritu
435 4921 560 4982 potentior
578 4926 640 4984 erat,
661 4922 734 4971 cuius
752 4923 836 4971 anima
853 4935 903 4972 nou
922 4922 1103 4986 qualiacunque
1121 4922 1167 4972 scd
1184 4922 1329 4972 beatissima
1347 4923 1514 4983 corporalibus
1533 4924 1613 4972 soluta
1625 4925 1746 4987 uinculis,
1767 4940 1867 4987 egressa

234 5019 262 5054 eo
280 5007 353 5070 ipae,
372 5011 402 5055 nt
421 5006 561 5070 credimus,
582 5007 687 5056 diuinae
704 5009 825 5060 claritatis
843 5011 939 5059 lumine
958 5015 1076 5071 suscepta
1093 5013 1120 5058 et
1137 5011 1166 5060 iu
1184 5008 1293 5071 paradisi
1311 5009 1438 5068 migrando
1457 5013 1576 5072 perpetui
1593 5010 1734 5074 splendoris
1753 5015 1865 5063 amoeni·

233 5097 311 5142 tatem
329 5093 445 5141 intrauit.
481 5093 518 5142 ibi
536 5107 604 5143 nunc
621 5099 648 5143 et
665 5107 765 5158 semper
783 5097 888 5158 pretiosi
906 5096 998 5160 lapidis
1016 5096 1158 5146 dladsruate
1176 5101 1320 5156 coronatus,
1347 5097 1375 5146 iu
1393 5097 1545 5159 sempiterna
1565 5097 1627 5145 coeli
1645 5111 1700 5146 arce
1719 5099 1788 5148 felici
1806 5115 1865 5163 per·

233 5179 306 5228 fusus
324 5180 388 5240 luce,
411 5179 598 5229 exsultantibus
616 5181 710 5231 sanctis
728 5182 836 5231 laetatur
853 5182 912 5231 cdd.
936 5183 966 5230 Z.
1005 5183 1223 5244 lateapoluttoaaem
1241 5181 1362 5232 Retabaar
1378 5199 1405 5245 p.
1426 5183 1490 5231 xxi
1506 5185 1589 5232 tuetur
1726 5185 1865 5235 beatissimi

234 5265 316 5314 hilarii
335 5266 367 5317 de
385 5266 512 5330 praesenti
531 5267 631 5316 saeculo
652 5265 675 5314 V
803 5267 835 5318 10
854 5265 919 5336 uita]
938 5268 1042 5317 ualente
1060 5274 1087 5318 st
1105 5270 1279 5318 ualentiniano
1296 5271 1460 5331 regnantibus
1477 5269 1537 5320 cdd.
1556 5271 1636 5332 culp„
1657 5269 1692 5330 ef.
1713 5271 1815 5320 Hieron.
1836 5273 1866 5322 dc

232 5355 293 5401 etes's
311 5353 349 5402 tlt.
369 5368 391 5404 e.
413 5354 463 5402 100
568 5347 706 5419 gaudente]
726 5353 813 5402 eodem
831 5356 886 5403 lesu
906 5355 999 5402 cbristo
1018 5361 1171 5420 praestante,
1192 5357 1237 5418 qul
1256 5369 1313 5404 curn
1333 5361 1403 5418 patre
1424 5361 1450 5404 et
1468 5357 1559 5418 spiritu
1577 5362 1662 5406 sancto
1681 5359 1750 5408 uiuit
1767 5364 1794 5408 et
1810 5373 1866 5420 reg·

232 5445 277 5489 nat
294 5439 356 5488 deus
373 5440 400 5487 iu
420 5441 518 5489 saeculo
536 5440 699 5490 saeculorum.
720 5453 794 5488 amau
811 5441 870 5490 odd.
891 5443 963 5502 vulp.
1070 5455 1193 5492 xxuururu
1211 5456 1273 5491 vrua
1293 5455 1436 5491 surrananu
1453 5443 1515 5492 ἴω
1538 5449 1572 5504 tet
1589 5445 1653 5492 tout.
1675 5444 1732 5496 cdd.
1754 5442 1795 5508 02)
1817 5442 1838 5492 G

320 5525 349 5575 11
369 5539 470 5574 sacrun
488 5539 569 5575 nausa
586 5539 621 5574 ns
639 5537 797 5574 vrarvrrrsvs
816 5540 855 5574 scr
874 5538 981 5578 ransarr
999 5526 1044 5574 sir
1062 5526 1103 5591 0¹,
1124 5535 1246 5591 manete
1264 5543 1286 5579 s.
1301 5543 1321 5578 1.
1336 5543 1360 5581 a.
1381 5534 1403 5578 et
1422 5533 1586 5592 mpcrmrtpse
1603 5530 1630 5580 b.
1649 5532 1730 5594 ipsius
1746 5529 1788 5595 02,
1805 5546 1865 5594 pre-

231 5611 398 5674 topomodp.
411 5615 437 5673 8,
458 5614 507 5662 te
524 5614 633 5663 absoluit
649 5612 738 5664 oeav
840 5611 871 5663 1³
889 5608 1046 5680 accusatas]
1064 5616 1229 5676 pietauleuala
1245 5616 1305 5667 cdd.
1319 5617 1388 5676 vulp.
1501 5615 1531 5667 18
1552 5630 1617 5679 ergo,
1637 5619 1733 5667 literar
1751 5618 1866 5668 deleted

234 5697 265 5750 19
284 5701 398 5763 reticere,
418 5699 461 5749 aed
478 5714 505 5749 rs
524 5699 685 5749 valtramo
791 5699 894 5749 uictoris
913 5697 935 5745 0
