4456 6202
870 483 966 540 VITA
987 483 1321 540 senonicensem.
1871 487 1911 550 37

281 683 362 754 rant,
390 675 560 756 llelanius,
587 675 785 740 Leontianus
801 682 833 741 et
848 675 948 758 Vigor
963 675 1116 761 episcopi,
1143 695 1201 760 per
1223 675 1451 741 revelationem
1475 695 1548 741 eum
1571 676 1799 742 ordinaverunt
1822 683 1914 742 ante-

282 779 400 845 stitem.
452 783 515 862 (ll)
542 779 624 844 'Ihm
653 778 725 864 ipse
756 778 958 864 stupefactus
988 779 1048 846 sed
1076 779 1165 865 apud
1194 797 1229 844 se
1255 779 1414 862 retinens,
1446 780 1596 864 quamvis
1618 787 1694 847 tunc
1716 780 1909 862 tractamrit,

282 888 355 968 post
382 881 539 968 probavit.
586 883 671 947 Nam
701 902 761 948 nec
789 882 886 968 longo
916 883 1088 949 intervallo
1118 881 1162 948 ad
1191 883 1458 969 supplicationem
1489 889 1555 949 mm
1577 883 1684 969 plebis
1706 903 1802 968 quam
1824 883 1915 969 prin·

281 985 363 1071 cipis
385 985 542 1052 Abrincas
570 993 701 1071 pastore
729 987 900 1053 recedente
929 987 1085 1053 successit
1113 1007 1174 1052 uec
1196 1005 1347 1054 recusare
1370 991 1495 1073 poterat
1517 986 1690 1070 quodiam
1714 993 1839 1053 secreta
1860 985 1914 1052 dei

249 1110 262 1150 a
282 1090 524 1175 dispensatione
553 1096 770 1174 portentatum
799 1097 880 1157 crat.
932 1093 992 1174 (48)
1021 1091 1096 1156 hlox
1118 1090 1253 1156 effeetus
1275 1089 1423 1176 pontifex
1445 1090 1490 1156 ita
1514 1109 1550 1156 se
1571 1089 1606 1156 in
1627 1090 1839 1156 ccclesiamm
1862 1089 1916 1155 in-

281 1193 476 1259 stauratione
505 1194 559 1258 vel
588 1213 672 1259 nova
697 1193 923 1261 aedificatione
946 1194 1106 1274 exercuit,
1141 1193 1271 1259 domum
1294 1195 1537 1280 recuperatione
1561 1193 1735 1274 succinxit,
1771 1193 1914 1260 culturae

281 1297 419 1362 utilitate
442 1297 612 1382 disposuit,
637 1317 815 1382 pauperum
838 1296 1115 1363 administratione
1136 1297 1290 1383 proludit,
1317 1303 1352 1364 ut
1373 1303 1461 1364 esset
1481 1297 1515 1362 in
1540 1296 1680 1381 singuHs
1702 1295 1860 1363 mirabilis
1882 1303 1915 1363 et

279 1400 314 1466 in
336 1401 485 1466 omuibus
508 1400 698 1484 singularis.

372 1506 434 1589 (49)
460 1504 548 1571 Illud
576 1505 674 1571 ctimn
703 1504 815 1571 merito
844 1505 1018 1572 memoriae
1045 1524 1109 1571 non
1138 1504 1317 1572 fraudatur.
1365 1506 1446 1572 Cum
1471 1503 1610 1588 quadam
1634 1503 1705 1570 vice
1728 1503 1761 1569 in
1783 1502 1913 1570 Teudc-
1936 1504 2030 1570 XVII

233 1627 262 1668 ro
283 1607 370 1674 ciaco
399 1608 479 1674 villa
501 1609 620 1674 Severo
649 1609 765 1676 comite
795 1609 996 1692 advenisset,
1033 1609 1193 1694 quaedam
1224 1608 1345 1676 femina
1372 1609 1455 1676 civis
1477 1606 1642 1674 Redonica
1664 1607 1694 1673 ei
1716 1606 1750 1672 in
1772 1607 1915 1673 oratione

281 1712 390 1778 oblata
419 1719 469 1778 est
497 1719 597 1778 muta.
644 1712 715 1792 Quo
745 1719 856 1781 sancto
885 1713 954 1779 viro
984 1713 1126 1780 oratione
1153 1714 1320 1799 conpleta,
1354 1712 1462 1779 statim
1485 1711 1602 1778 mulier
1622 1711 1720 1795 longa
1742 1709 1848 1796 cmpit
1870 1709 1916 1776 si-

281 1816 383 1883 lentia
404 1835 464 1882 neo
486 1816 590 1902 potuit
610 1815 740 1883 inimico
762 1817 883 1884 servire
906 1816 1038 1901 diutius,
1064 1836 1128 1902 quo
1151 1817 1310 1883 libertatis
1332 1822 1444 1883 auctor
1466 1815 1613 1883 Christus
1635 1813 1698 1880 fuit
1719 1814 1897 1880 invocatus.

373 1921 433 2002 (50)
460 1920 563 2004 Igitur
590 1939 661 1987 cum
690 1921 785 1988 tertio
815 1920 940 1987 decimo
968 1941 1053 1988 auno
1081 1921 1131 1987 uir
1158 1921 1212 1987 dci
1241 1926 1355 2003 ageret
1383 1920 1417 1985 in
1439 1918 1645 2006 pontificatu,
1679 1918 1788 1985 statim
1810 1919 1912 1985 altero
1934 1921 2046 1987 XVlll

282 2023 335 2091 dic
365 2024 508 2108 paschae
537 2044 608 2090 cum
639 2025 755 2092 fratres
778 2024 929 2091 Sesciaoo
958 2025 1090 2092 visitare
1118 2031 1249 2110 cuperet
1270 2025 1304 2089 in
1324 2024 1542 2090 infirmitatem
1565 2022 1679 2089 inruit:
1713 2021 1836 2108 pariter
1856 2043 1917 2088 au-

234 2146 263 2187 ra
283 2133 349 2194 tem
379 2134 511 2194 sendus
538 2128 680 2196 Scubilio
709 2129 744 2195 in
771 2128 992 2197 Mandanense
1020 2129 1215 2196 monasterio
1243 2128 1278 2194 in
1304 2128 1489 2194 infirmitate
1515 2126 1640 2193 incidit.
1693 2125 1846 2210 Dirigunt
1872 2126 1917 2194 ud

282 2249 318 2296 se
348 2229 502 2312 invicem,
537 2240 573 2299 ut
602 2233 790 2319 priusquam
820 2231 862 2299 de
891 2233 1023 2300 saeculo
1055 2232 1259 2299 discederent
1288 2250 1323 2298 se
1353 2231 1511 2298 viderent.
1563 2233 1624 2314 (51)
1651 2231 1744 2296 Tunc
1765 2229 1856 2295 missi
1879 2241 1915 2297 sc

281 2334 450 2402 obviantes
471 2337 602 2404 beatum
625 2337 843 2404 scubilionem
864 2336 898 2402 iu
920 2335 1035 2404 itinere
1058 2344 1275 2418 commouent,
1306 2343 1342 2402 ut
1364 2335 1456 2402 fratri
1479 2339 1674 2414 occurreret,
1702 2331 1760 2400 sed
1782 2333 1915 2400 brachio

281 2440 380 2505 maris
410 2441 558 2526 opposito
587 2461 650 2507 nou
679 2441 782 2508 valuit
811 2448 964 2507 nocturno
993 2448 1138 2527 tempore
1166 2439 1388 2508 transfretare.
1452 2439 1513 2523 (52)
1548 2438 1699 2504 Attamen
1730 2456 1801 2503 cum
1830 2457 1852 2503 a
1881 2457 1917 2504 ac

282 2543 385 2609 sancti
408 2542 475 2610 lere
498 2544 562 2610 tria
582 2544 674 2610 milia
695 2545 803 2630 spatia
824 2544 1032 2628 interessent,
1058 2545 1173 2612 eadem
1195 2551 1289 2611 nocte
1312 2545 1433 2630 pariter
1453 2544 1569 2610 beatus
1584 2543 1742 2608 Paternus
1759 2561 1825 2608 uua
1844 2561 1916 2608 cum

231 2664 262 2705 ²⁰
282 2654 392 2713 sancto
422 2646 520 2714 fratre
543 2667 602 2714 suo
625 2649 766 2732 glorioso
788 2650 970 2735 proposito,
1002 2650 1103 2716 nobili
1124 2649 1159 2715 in
1181 2648 1357 2735 triumpho,
1393 2647 1482 2716 felici
1504 2646 1622 2713 viatico
1643 2665 1717 2713 cum
1739 2646 1836 2712 choro
1857 2665 1917 2712 an-

281 2752 386 2835 gelico
407 2751 441 2818 in
463 2752 597 2819 caelesti
620 2759 733 2820 senatu
756 2752 798 2819 de
819 2753 955 2820 terrenis
978 2753 1049 2839 pias
1073 2754 1200 2818 animas
1222 2752 1398 2819 emiserunt
1420 2750 1464 2817 ad
1487 2750 1662 2817 Christum.

374 2857 436 2938 (53)
461 2857 564 2934 Quem
587 2857 690 2922 hauto
712 2857 900 2942 episcopus,
933 2857 988 2940 qui
1010 2856 1131 2922 ibidem
1154 2862 1230 2922 ante
1252 2855 1322 2921 dics
1345 2861 1415 2922 octo
1438 2854 1481 2920 ad
1503 2851 1698 2920 visitandum
1721 2853 1908 2936 advenerat,
1936 2857 2017 2922 XIX

281 2979 353 3024 cum
387 2958 430 3024 ad
459 2959 628 3025 basilicam
658 2960 807 3026 Sesciaco
835 2960 965 3025 beatum
994 2960 1165 3025 Paternum
1192 2958 1369 3024 deduceret
1397 2956 1577 3043 inpendens
1606 2957 1795 3042 exsequias,
1833 2958 1911 3025 item

283 3061 452 3127 Lascivius
475 3062 646 3148 episcopus
669 3069 816 3128 sanetum
839 3061 1057 3129 Scabiliouem
1078 3062 1122 3127 ad
1143 3061 1313 3128 basilicam
1336 3062 1441 3147 ipsam
1465 3061 1656 3140 deduceret,
1689 3062 1815 3145 utrique
1837 3081 1916 3128 eon-

232 3182 263 3222 25
283 3164 409 3230 emente
431 3165 527 3230 choro
551 3164 760 3250 psallentium
781 3164 816 3229 in
839 3185 937 3230 unum
959 3165 1140 3232 nescientes
1163 3165 1329 3251 pontifices
1352 3170 1569 3231 convenerunt
1590 3171 1623 3231 et
1647 3163 1842 3230 sanctissimi
1857 3163 1916 3230 viri

283 3267 435 3333 orationis
458 3268 562 3333 locum
585 3287 681 3351 quem
704 3267 955 3334 aedificaverant
977 3269 1098 3354 pariter
1120 3266 1234 3335 eadem
1258 3267 1311 3334 die
1334 3275 1572 3355 occupaverunt
1585 3267 1674 3336 felici
1691 3268 1750 3334 snb
1765 3267 1911 3350 transitu,

283 3378 319 3437 ut
340 3389 400 3436 nec
422 3370 532 3436 mortis
555 3389 649 3436 casus
671 3369 831 3438 divideret
853 3389 932 3456 quos
955 3391 1083 3457 semper
1105 3391 1170 3437 una
1192 3371 1260 3438 vita
1281 3371 1461 3438 coniunxit:
1489 3393 1528 3439 ac
1551 3372 1648 3439 simul
1670 3391 1734 3438 uno
1756 3377 1916 3437 momento

284 3492 358 3538 cum
386 3474 488 3539 altero
518 3474 601 3540 alter
632 3476 778 3560 sepultus
807 3482 874 3558 est,
910 3495 981 3542 cum
1011 3481 1043 3542 et
1070 3475 1106 3541 in
1134 3476 1393 3562 peregrinatione
1421 3476 1559 3544 alterum
1586 3477 1671 3543 alter
1701 3481 1830 3542 secutus
1853 3481 1913 3541 est.

289 3577 350 3660 (54)
378 3576 432 3642 Sic
461 3577 655 3664 redemptori
681 3584 789 3645 nostm
812 3579 947 3646 amatori
971 3579 1066 3646 unico
1088 3579 1183 3647 electi
1206 3579 1247 3647 de
1270 3581 1400 3647 saeculo
1423 3581 1544 3647 meritis
1568 3580 1716 3648 felicibus
1738 3577 1917 3664 aequaliter

234 3697 265 3738 aa
284 3687 487 3746 occurrerunt
515 3681 672 3748 miracula
699 3681 857 3750 facientes
886 3691 960 3769 post
988 3683 1127 3768 obitum,
1159 3685 1215 3770 qui
1245 3684 1350 3752 beatis
1381 3685 1533 3770 operibus
1564 3685 1675 3752 dunat
1696 3683 1820 3768 integre
1843 3687 1918 3768 post

284 3785 503 3869 sepulchrum.

373 4099 383 4150 l
404 4102 535 4151 leucianus
554 4106 580 4149 ct
598 4102 658 4150 beor
676 4099 765 4150 &rior
869 4099 885 4152 2
904 4099 1061 4171 tractauerlt]
1079 4103 1102 4152 P
1116 4118 1173 4153 enm
1187 4101 1252 4153 aas.
1267 4108 1292 4166 1,
1313 4103 1422 4152 tacuerit
1441 4101 1506 4153 Mat.
1524 4103 1548 4165 2,
1569 4115 1620 4150 non
1638 4103 1809 4166 prepalaucrlt
1828 4101 1916 4152 Bou..-

282 4187 318 4250 cs.
335 4189 437 4238 Fatua.
458 4189 486 4239 V.
501 4187 536 4239 Μ.
551 4189 591 4249 11,
605 4189 656 4239 305
669 4192 855 4251 tractatusque
869 4190 1056 4240 uerharelaxat
1149 4185 1247 4257 barat]
1265 4189 1425 4240 lucratBotl.
1527 4189 1733 4238 'luttlitatemP
1824 4187 1917 4238 tltcn-

284 4270 393 4341 declaco]
408 4273 437 4337 P,
458 4275 651 4337 teaucensois,
670 4275 829 4325 theodcciaco
849 4277 874 4337 Υ,
894 4276 1047 4327 theodisiacu
1060 4278 1161 4340 dorios,
1180 4277 1319 4327 tendenaco
1332 4276 1411 4339 aaa,
1431 4275 1572 4326 feudatiaoo
1585 4274 1679 4324 saar
1783 4275 1814 4326 10
1833 4277 1856 4324 el
1876 4272 1917 4343 in]

284 4375 340 4410 cum
355 4359 454 4411 Mod?
560 4361 589 4411 11
609 4363 679 4426 rupit
693 4363 759 4413 aas.
775 4364 905 4412 tetBoll.
1015 4363 1045 4414 12
1064 4378 1169 4427 proqua
1184 4363 1250 4414 Mat.
1266 4365 1290 4425 2,
1304 4361 1681 4426 quo—inuocatusom.Boll.
1791 4360 1822 4412 ta
1841 4362 1917 4411 tertio

284 4447 381 4496 decimo
399 4445 476 4515 anuo]
495 4448 587 4498 Pcom
601 4448 695 4499 Muti
806 4449 836 4500 15
856 4451 978 4500 scublllus
997 4449 1021 4497 P
1122 4449 1291 4500 maudunense
1310 4449 1376 4501 Mal.
1395 4453 1417 4512 1,
1437 4449 1601 4499 mandancual
1621 4449 1687 4500 Bell.
1796 4447 1826 4499 16
1845 4449 1917 4498 mlssl

285 4531 324 4602 ae]
342 4534 525 4587 inuicemudd.
544 4533 643 4585 Mna?
741 4536 1101 4588 innumerositates
1199 4535 1230 4587 18
1249 4537 1279 4586 ad
1294 4536 1318 4584 P
1410 4535 1443 4586 20
1462 4528 1601 4600 praeposito
1615 4535 1713 4586 Maca
1811 4533 1844 4586 24
1863 4537 1917 4584 utt-

284 4635 334 4684 qne
353 4620 420 4669 Mob.
437 4626 463 4685 1,
482 4626 589 4684 utroque
609 4621 707 4672 Mum
817 4623 1052 4674 castanearum
1070 4637 1169 4688 corpora
1187 4624 1264 4673 simul
1283 4639 1339 4674 cum
1358 4623 1448 4686 gaudio
1465 4623 1673 4673 inhumaruntZ
1777 4621 1807 4673 ³1
1829 4623 1916 4686 sepul-

285 4704 386 4775 chrum]
405 4721 529 4756 sxrnrcrr
547 4721 609 4756 vrrs
628 4712 667 4757 scr
686 4721 804 4758 narsum
821 4711 865 4757 sir
884 4723 917 4758 sn
935 4709 967 4759 c'r
985 4709 1043 4760 odd.
1065 4710 1088 4759 P
