4336 6262
316 323 357 386 76
618 318 815 376 OPVSCVLA
832 317 1029 374 VENANTIO
1048 315 1278 375 FORTVNA'I'O
1297 315 1400 373 MALE
1418 314 1647 374 ATTRIBVTA
1689 371 1693 378 .

317 509 487 596 stipendiis
510 509 687 576 debebatur
709 510 770 576 sub
792 508 978 594 integritate
1002 507 1151 575 conferri.
1203 509 1265 591 (24)
1292 508 1387 574 Illius
1411 508 1557 574 mtraculi
1580 508 1800 594 spectaculum
1820 509 1965 574 abeato

315 613 384 680 viro
406 618 568 702 patratum
591 611 634 678 ad
657 611 787 678 laudem
811 611 864 679 dei
887 620 936 679 est
959 611 1114 678 memoria
1136 610 1350 678 retinendum.

215 718 293 782 VIII
408 717 468 800 (35)
495 717 580 782 Dum
610 717 725 782 beatus
748 716 899 782 Etberius
921 716 1094 802 episcopus
1117 716 1246 782 beatum
1270 715 1445 781 Leobinum
1469 714 1604 781 Braiaco
1627 721 1662 780 ut
1685 715 1747 782 sibi
1769 722 1965 781 occurreret

315 825 517 901 convocaret,
552 818 687 902 contigit
716 825 751 885 ut
780 818 885 884 vicina
913 818 1001 885 illius
1030 818 1133 884 cellae
1156 817 1310 900 quicquid
1333 817 1463 883 obvium
1487 818 1572 884 edax
1593 817 1680 902 ignIs
1701 817 1871 884 invenerat
1895 837 1963 882 ex-

314 924 469 990 urendum
487 922 578 987 >nibil
601 929 750 1006 parceret
771 920 1029 1004 relinquendum.
1081 921 1146 1005 (26)
1173 919 1238 988 Sed
1263 941 1334 987 cum
1357 921 1506 987 monachi
1528 921 1609 987 tanti
1631 941 1784 1006 vaporem
1807 919 1962 986 incendii
1987 942 2001 980 ⁵

314 1045 517 1110 nequaquam
546 1025 673 1090 iniectis
704 1024 798 1107 aquis
821 1031 953 1110 possent
975 1024 1167 1110 reprimere,
1201 1024 1261 1090 sed
1283 1032 1317 1090 ut
1339 1023 1509 1090 videbatur
1530 1024 1636 1109 potius
1658 1023 1766 1108 Ignem
1788 1023 1836 1089 eis
1859 1023 1963 1088 vide-

314 1136 423 1194 rentur
445 1127 633 1210 accendere,
661 1127 713 1192 vir
736 1128 790 1193 dei
812 1128 973 1194 Leobinus
997 1128 1193 1194 orationibus
1218 1134 1250 1193 et
1272 1127 1414 1193 lacrimis
1437 1126 1670 1193 valentioribus
1693 1125 1786 1210 aquis
1801 1125 1961 1191 flamma-

313 1252 383 1296 rum
405 1232 519 1315 globos
541 1230 670 1297 nomine
694 1230 813 1297 Christi
836 1229 983 1297 invocato
1006 1231 1134 1317 penitus
1157 1229 1326 1318 consopire
1349 1230 1436 1297 fecit.

244 1337 293 1402 IX
405 1335 468 1418 (27)
495 1335 564 1400 Nec
586 1333 693 1399 minus
715 1341 749 1399 et
761 1333 850 1399 illius
865 1334 1013 1400 miraculi
1027 1334 1155 1418 insigne
1171 1335 1377 1418 praeconium
1394 1334 1565 1401 memoriae
1581 1341 1632 1401 est
1646 1331 1956 1400 commendandum.

314 1436 394 1503 Cum
419 1457 477 1522 per
498 1436 585 1503 idem
604 1445 732 1522 tempus
747 1436 913 1522 praefatus
930 1437 1079 1503 Etberius
1098 1437 1269 1522 episcopus
1283 1438 1371 1504 beati
1387 1437 1447 1502 viri
1462 1438 1596 1505 Leobini
1610 1436 1811 1524 perspiciens
1827 1437 1961 1503 sancti·
1986 1459 2017 1500 ιο

314 1548 412 1608 tatem
436 1540 479 1606 ad
502 1539 692 1607 diaconatus
715 1539 854 1607 osticium
878 1541 1069 1626 proveheret
1088 1547 1120 1606 et
1135 1539 1288 1607 fratribus
1304 1541 1509 1608 Braiaoeusis
1525 1540 1709 1608 monasterii
1724 1549 1956 1625 praeponeret,

313 1645 447 1729 dignum
470 1643 578 1725 duxit,
606 1651 641 1709 ut
663 1642 885 1727 praefecturae
908 1643 1050 1711 officium
1073 1644 1271 1711 commodius
1294 1651 1423 1730 ageret,
1451 1645 1479 1711 si
1502 1644 1545 1710 ad
1568 1643 1750 1731 presbiterii
1772 1663 1853 1709 onus
1878 1664 1960 1708 eum

313 1747 534 1814 ordinabiliter
563 1747 763 1814 sublimaret.
817 1749 878 1831 (28)
906 1746 1113 1814 Postmodum
1143 1769 1216 1814 cum
1246 1746 1376 1814 flamma
1404 1747 1618 1832 rabidi'ignis
1640 1747 1740 1813 silvas
1763 1735 1795 1812 et
1817 1766 1960 1832 campos

313 1871 450 1918 exurens
479 1851 522 1917 ad
550 1850 779 1916 monasterium
808 1858 936 1935 segetes
967 1850 1132 1918 exurendo
1162 1851 1305 1918 venisset
1333 1859 1366 1917 et
1395 1851 1544 1918 monachi
1574 1851 1643 1918 eius
1673 1857 1760 1916 metu
1788 1870 1809 1915 a
1837 1870 1961 1916 mensa

313 1955 545 2036 surrexissent,
579 1955 628 2019 vir
656 1961 787 2020 sanctus
818 1955 851 2019 in
881 1955 1024 2021 oratione
1048 1963 1122 2021 ante
1145 1954 1329 2021 incendium
1351 1962 1530 2039 prostratus
1551 1954 1639 2043 apud
1661 1953 1743 2020 caeli
1766 1953 1865 2019 deum
1888 1954 1959 2018 im·
1985 1975 2017 2015 rs

312 2065 440 2142 patrare
463 2057 588 2136 meruit,
617 2064 651 2123 ut
673 2058 776 2124 omnis
799 2057 888 2124 illius
911 2059 997 2143 ignis
1020 2059 1127 2126 rabies
1150 2077 1307 2143 oppressa
1330 2059 1549 2144 consopiretur
1572 2065 1603 2124 et
1625 2057 1760 2141 pristina
1774 2057 1960 2142 temperies

313 2161 399 2227 aeris
422 2159 549 2226 reddita
572 2161 785 2226 blandiretur.
1288 2167 1290 2170 ’

261 2263 292 2328 X
407 2265 467 2348 (29)
495 2264 659 2329 Inseratnr
680 2262 755 2330 huic
777 2265 872 2349 operi
887 2264 973 2330 illud
995 2265 1136 2331 caeleste
1159 2264 1359 2346 miraculum,
1386 2265 1471 2348 quod
1490 2263 1638 2330 domiuus
1653 2271 1780 2349 patrare
1796 2263 1958 2348 dignatus

313 2372 362 2432 est
389 2386 447 2451 per
474 2367 605 2432 beatum
629 2366 817 2432 Leobinum.
866 2366 1013 2445 Quodam
1043 2374 1187 2452 tempore
1218 2367 1282 2433 duo
1311 2367 1537 2452 energumeni,
1570 2368 1604 2432 in
1634 2368 1750 2450 quibus
1779 2373 1870 2434 tanta
1901 2369 1958 2434 vis

312 2469 503 2538 daemonum
527 2470 769 2553 praevaluerat,
797 2477 833 2536 ut
855 2491 954 2556 saepe
977 2471 1109 2536 vincula
1131 2477 1164 2537 et
1187 2477 1319 2537 catenas
1343 2472 1609 2551 comminuerent,
1645 2478 1846 2537 occurrentes
1870 2471 1957 2537 bea·
1980 2489 2014 2531 20

312 2571 436 2638 tissimo
464 2573 532 2638 viro
562 2573 729 2659 sospitatis
751 2572 929 2639 remedium
953 2574 1015 2640 sibi
1037 2573 1201 2640 humiliter
1224 2573 1337 2658 largiri
1360 2581 1583 2659 poposcerunt.
1637 2576 1697 2657 (30)
1726 2573 1863 2640 Sanctus
1887 2574 1957 2640 ita-

312 2696 374 2759 que
402 2675 451 2740 vir
479 2696 500 2740 a
529 2675 681 2743 fratribus
711 2678 892 2744 cohortatus
923 2677 1110 2764 impendere
1132 2678 1269 2762 gratiam
1293 2677 1441 2744 medelae
1461 2677 1650 2746 daemonico
1673 2677 1780 2743 furore
1803 2677 1951 2761 agitatis,

312 2779 434 2863 pietate
464 2785 639 2845 commotus
668 2780 814 2866 opposito
844 2781 947 2847 crucis
976 2781 1143 2864 signaculo
1165 2789 1206 2848 ‘et
1229 2780 1433 2848 daemonium
1456 2782 1498 2848 ab
1521 2781 1569 2847 eis
1593 2781 1716 2866 expulit
1738 2788 1771 2847 et
1791 2780 1956 2866 pristinae

312 2882 459 2948 sanitatis
489 2882 701 2950 incolumitati
730 2883 907 2950 efficaciter
935 2883 1084 2951 restituit.
1146 2887 1207 2968 (31)
1235 2885 1303 2950 Nec
1327 2885 1426 2950 multo
1449 2892 1521 2969 post
1543 2890 1686 2970 tempore
1709 2883 1785 2949 dum
1809 2885 1908 2968 longe
1934 2905 1956 2952 a

312 2985 431 3052 cellula
459 2987 578 3053 absens
609 2993 695 3054 esset
725 2994 758 3053 et
787 2987 830 3053 ad
860 2988 1089 3054 monasterium
1114 2989 1169 3054 ubi
1191 3008 1314 3073 paucae
1338 2989 1468 3074 puellae
1490 2988 1698 3053 morabantur
1720 2988 1956 3074 compendioso
1977 3004 2012 3046 2⁵

310 3088 424 3155 itinere
447 3089 642 3172 declinaret,
675 3090 815 3174 benigne
838 3097 992 3175 exceptus
1016 3098 1066 3156 eat
1088 3090 1129 3156 ab
1151 3091 1232 3157 illis.
1284 3094 1348 3175 (32)
1375 3091 1523 3175 Denique
1546 3098 1620 3177 post
1642 3091 1852 3156 humanitatis
1875 3091 1956 3158 offi-

311 3191 395 3258 cium
426 3192 511 3276 quod
541 3193 573 3258 ci
600 3193 815 3260 libentissime
844 3193 1059 3261 exbibuerunt
1087 3194 1302 3280 intempestae
1331 3195 1433 3261 noctis
1464 3193 1592 3260 silentio
1617 3213 1680 3259 nna
1703 3193 1743 3260 de
1765 3194 1955 3278 puellarum

311 3295 449 3379 collegio
477 3295 637 3362 incentive
667 3297 809 3383 impulsa
836 3297 1035 3382 petulantiae
1066 3305 1158 3364 aestu
1188 3297 1312 3364 nelario
1342 3297 1480 3383 pedibus
1503 3295 1607 3363 sancti
1629 3297 1765 3363 iacentis
1788 3297 1849 3363 sub
1872 3299 1954 3365 lecti

311 3398 508 3485 operimento
538 3399 689 3466 dentibus
719 3399 865 3465 dolosum
895 3399 1003 3480 intulit
1031 3419 1188 3483 morsum,
1222 3400 1278 3483 qui
1308 3400 1452 3466 sentiens
1483 3419 1518 3466 se
1547 3399 1729 3466 huiusmodi
1758 3419 1865 3466 morsu
1897 3408 1954 3467 at-

311 3507 480 3568 trectatum
502 3503 804 3587 compercussione
828 3502 968 3587 pectoris
991 3510 1023 3569 et
1045 3502 1169 3586 ingenti
1191 3503 1313 3587 gemitu
1335 3503 1426 3568 illam
1449 3502 1588 3589 pedibus
1611 3503 1679 3569 suis
1701 3503 1819 3588 repulit
1834 3505 1952 3570 morti-
1973 3521 2007 3562 ³0

311 3603 414 3670 lerum
439 3604 651 3671 instillantem
681 3625 840 3672 venenum
862 3613 895 3672 et
917 3611 1047 3672 servata
1069 3606 1155 3671 omni
1178 3605 1320 3690 corporis
1343 3605 1527 3690 integritate
1551 3607 1684 3690 laqueos
1707 3605 1853 3672 mulieris
1876 3607 1954 3673 sine

312 3707 428 3773 damno
451 3707 557 3775 evasit
577 3707 730 3793 stropbyo
753 3708 930 3794 pudicitiae
953 3709 1170 3792 praecinctus.

241 3809 290 3874 XI
405 3812 465 3894 (33)
492 3811 542 3876 Ab
573 3811 633 3877 bac
662 3812 770 3895 itaque
799 3811 1009 3897 temptatione
1039 3812 1100 3877 deo
1130 3831 1166 3878 se
1195 3819 1384 3897 protegente
1406 3820 1553 3897 ereptus,
1588 3812 1720 3895 contigit
1740 3818 1777 3878 ut
1797 3811 1868 3896 ipse
1892 3815 1954 3895 qui

311 3911 447 3979 aliorum
470 3913 709 3981 infirmitatibus
732 3901 881 3981 extiterat
902 3914 1046 3981 medicus
1069 3914 1176 3981 cancri
1200 3916 1333 3982 vulnere
1348 3923 1569 4000 percuteretur
1584 3917 1616 3981 in
1632 3915 1772 3994 naribus,
1800 3914 1952 3999 quidum

311 4015 537 4082 monachorum
564 4017 714 4101 precibus
743 4025 924 4102 rogaretur,
962 4025 996 4084 ut
1018 4017 1080 4084 sibi
1103 4019 1244 4085 humano
1267 4019 1412 4102 quolibet
1433 4018 1540 4084 studio
1564 4018 1762 4099 mederetur,
1793 4017 1867 4103 ipse
1889 4039 1952 4085 ae·
1973 4037 2008 4077 ³⁵

311 4124 401 4183 terno
431 4117 535 4184 fidens
562 4119 596 4184 in
624 4119 749 4187 medico
779 4121 833 4205 qui
864 4122 931 4187 solo
954 4123 1051 4188 verbo
1075 4128 1165 4187 curat
1186 4121 1295 4187 omnia
1317 4141 1423 4188 ceram
1447 4121 1649 4188 benedictam
1672 4141 1731 4206 per
1752 4140 1855 4186 annos
1879 4120 1952 4188 lere

310 4219 479 4286 duodecim
509 4221 653 4289 eiusdem
683 4224 787 4290 morbi
815 4225 969 4310 imposuit
998 4225 1090 4304 tabo,
1124 4231 1159 4291 ut
1188 4225 1291 4290 virtus
1319 4245 1377 4311 per
1405 4224 1548 4291 divinam
1577 4225 1714 4310 gratiam
1737 4230 1950 4307 augmentum

310 4332 440 4408 caperet
468 4325 501 4390 in
531 4325 727 4393 infirmitate.
779 4327 838 4410 (34)
868 4327 960 4394 Vnde
992 4347 1119 4413 semper
1147 4327 1182 4394 in
1211 4327 1265 4394 dei
1295 4327 1425 4394 servitio
1456 4348 1648 4412 permanens
1679 4334 1711 4394 et
1740 4327 1773 4392 in
1797 4328 1952 4394 omnibus

310 4426 371 4492 deo
401 4427 524 4512 gratias
552 4448 654 4513 agens
684 4429 754 4497 sine
776 4430 886 4512 aliquo
908 4431 1048 4497 humano
1071 4432 1270 4514 suffragante
1293 4431 1416 4497 auxilio
1438 4438 1554 4515 postea
1575 4431 1701 4498 narium
1723 4429 1839 4498 meruit
1861 4433 1952 4497 reci-

309 4549 386 4614 pere
410 4531 591 4598 sanitatem.
805 4581 809 4588 .
1974 4553 2007 4594 ao

224 4633 289 4698 XII
404 4636 464 4716 (35)
491 4635 674 4701 Proferatur
694 4637 729 4701 in
751 4637 892 4702 medium
915 4644 947 4703 et
968 4637 1051 4703 illud
1074 4638 1266 4723 stupendum
1290 4643 1403 4722 gestae
1425 4636 1472 4702 rei
1494 4636 1699 4716 miraculum,
1733 4634 1818 4720 quod
1842 4639 1952 4703 omni·

309 4735 370 4802 bus
399 4736 552 4822 prodesse
580 4739 696 4824 poterit
718 4739 761 4804 ad
783 4738 860 4804 fidei
882 4739 1124 4807 incrementum.
1174 4740 1316 4820 Quidam
1340 4760 1380 4806 ex
1402 4739 1569 4806 monacbis
1591 4739 1748 4806 vocabulo
1771 4739 1951 4822 Tyrannus

310 4839 451 4906 crudelis
474 4842 604 4924 quidem
627 4842 761 4911 antiteta
784 4842 911 4909 nomine
935 4842 994 4910 sed
1016 4845 1202 4929 praeclarus
1225 4843 1344 4911 virtute
1367 4842 1444 4910 dum
1466 4850 1553 4910 esset
1574 4841 1715 4926 quadam
1738 4848 1829 4908 nocte
1853 4844 1952 4909 solli-

397 5118 429 5168 us
448 5147 482 5155 -
498 5135 524 5181 ρ,
541 5119 583 5180 rr,
604 5121 621 5169 c.
639 5119 669 5168 13
690 5139 722 5162 =
746 5121 773 5168 v.
789 5122 857 5169 aura
876 5122 923 5183 rv,
944 5122 977 5170 aa
999 5123 1063 5184 (aa
1086 5121 1130 5172 aa.
1153 5125 1195 5170 rr.
1212 5123 1271 5171 run.
1294 5123 1351 5184 111,
1365 5135 1393 5182 ρ.
1408 5123 1480 5182 aco).

310 5266 372 5273 -.-.

395 5359 411 5410 3
429 5358 569 5429 leobinum]
586 5375 635 5410 om.
652 5361 673 5421 O
777 5363 857 5411 braiai
876 5362 899 5412 P
1015 5363 1030 5414 l
1049 5365 1133 5414 culum
1152 5364 1174 5413 P
1278 5369 1398 5413 euenerat
1417 5359 1447 5420 Οἱ
1554 5361 1648 5410 ddum
1668 5360 1690 5407 P
1792 5357 1808 5409 8
1827 5360 1951 5430 paullus]

307 5445 395 5506 omo
553 5447 583 5499 10
598 5449 650 5512 apd
671 5445 713 5508 0¹,
734 5449 795 5512 apos
814 5445 847 5508 0²
995 5451 1152 5514 prospiciens
1173 5449 1213 5512 (Ρ)
1374 5447 1402 5498 11
1423 5445 1614 5512 proponereto
1772 5445 1802 5494 13
1821 5447 1906 5509 rapidi
1929 5451 1951 5510 ο

310 5532 340 5581 15
359 5538 498 5595 prostratus
517 5539 575 5582 ante
594 5533 740 5584 Incendium
761 5533 782 5592 O
902 5536 1034 5586 dominum
1054 5535 1075 5596 O
1207 5534 1238 5585 16
1258 5548 1400 5597 compressa
1420 5534 1442 5594 0
1575 5532 1675 5584 18-40
1693 5547 1715 5583 c.
1735 5531 1769 5582 X.
1789 5533 1836 5582 Ill.
1858 5536 1951 5595 ωηο

308 5617 340 5668 la
359 5615 477 5685 antiteta]
496 5631 543 5669 om.
566 5621 592 5668 V.
609 5623 694 5669 Aviti·
794 5619 949 5691 praeclarus]
968 5625 1066 5673 actibus
1083 5629 1159 5686 atque
1176 5622 1236 5672 cdd.
1256 5621 1283 5672 V.
1300 5624 1369 5671 Aviti
1474 5617 1558 5688 nocte]
1577 5621 1605 5669 tn
1624 5622 1736 5669 oratione
1754 5617 1813 5668 odd.
1832 5619 1860 5670 V.
1877 5623 1951 5672 Aviti
