<?xml version="1.0" encoding="UTF-8"?>
<!DOCTYPE html PUBLIC "-//W3C//DTD XHTML 1.0 Transitional//EN"
    "http://www.w3.org/TR/xhtml1/DTD/xhtml1-transitional.dtd">
<html xmlns="http://www.w3.org/1999/xhtml" xml:lang="en" lang="en">
 <head>
  <title>
</title>
<meta http-equiv="Content-Type" content="text/html;charset=utf-8" />
  <meta name='ocr-system' content='tesseract 3.04.00' />
  <meta name='ocr-capabilities' content='ocr_page ocr_carea ocr_par ocr_line ocrx_word'/>
</head>
<body>
  <div class='ocr_page' id='page_1' title='image "./monumentagerman00mittgoog_0545.png"; bbox 0 0 4456 6202; ppageno 0'>
   <div class='ocr_carea' id='block_1_1' title="bbox 31 295 1934 575">
    <p class='ocr_par' dir='ltr' id='par_1_1' title="bbox 8 295 1934 575">
     <span class='ocr_line' id='line_1_1' title="bbox 85 295 1321 394; baseline -0.002 -41"><span class='ocrx_word' id='word_1_1' title='bbox 85 361 93 394; x_wconf 42' lang='grc' dir='ltr'><strong><em>Γ</em></strong></span> <span class='ocrx_word' id='word_1_2' title='bbox 127 325 145 352; x_wconf 60' lang='lat' dir='ltr'><strong>a</strong></span> <span class='ocrx_word' id='word_1_3' title='bbox 303 305 345 367; x_wconf 80' lang='grc'><strong>46</strong></span> <span class='ocrx_word' id='word_1_4' title='bbox 912 295 1081 353; x_wconf 81' lang='lat' dir='ltr'>VIIIIAIITI</span> <span class='ocrx_word' id='word_1_5' title='bbox 1099 295 1321 352; x_wconf 81' lang='lat' dir='ltr'>FORTVNATI</span> 
     </span>
     <span class='ocr_line' id='line_1_2' title="bbox 31 403 68 452; baseline 0 -14"><span class='ocrx_word' id='word_1_6' title='bbox 31 433 39 452; x_wconf 62' lang='lat'><strong>,</strong></span> <span class='ocrx_word' id='word_1_7' title='bbox 55 403 68 438; x_wconf 80' lang='lat' dir='ltr'><strong>r</strong></span> 
     </span>
     <span class='ocr_line' id='line_1_3' title="bbox 303 483 1934 575; baseline -0.004 -19.072"><span class='ocrx_word' id='word_1_8' title='bbox 303 489 407 558; x_wconf 87' lang='lat' dir='ltr'><strong>crucis</strong></span> <span class='ocrx_word' id='word_1_9' title='bbox 429 488 596 575; x_wconf 77' lang='lat' dir='ltr'>inpressit,</span> <span class='ocrx_word' id='word_1_10' title='bbox 624 487 763 554; x_wconf 88' lang='lat' dir='ltr'><strong>caecitas</strong></span> <span class='ocrx_word' id='word_1_11' title='bbox 786 485 885 571; x_wconf 86' lang='lat' dir='ltr'><strong>fugit,</strong></span> <span class='ocrx_word' id='word_1_12' title='bbox 911 488 968 553; x_wconf 90' lang='lat' dir='ltr'><strong>lux</strong></span> <span class='ocrx_word' id='word_1_13' title='bbox 990 486 1087 554; x_wconf 90' lang='lat' dir='ltr'><strong>rediit</strong></span> <span class='ocrx_word' id='word_1_14' title='bbox 1108 491 1141 554; x_wconf 92' lang='lat' dir='ltr'><strong>et</strong></span> <span class='ocrx_word' id='word_1_15' title='bbox 1162 492 1317 554; x_wconf 91' lang='lat' dir='ltr'><strong>nocturno</strong></span> <span class='ocrx_word' id='word_1_16' title='bbox 1341 486 1400 553; x_wconf 93' lang='lat' dir='ltr'><strong>sub</strong></span> <span class='ocrx_word' id='word_1_17' title='bbox 1424 492 1567 571; x_wconf 90' lang='lat' dir='ltr'><strong>tempore</strong></span> <span class='ocrx_word' id='word_1_18' title='bbox 1590 486 1686 552; x_wconf 88' lang='lat' dir='ltr'><strong>orbae</strong></span> <span class='ocrx_word' id='word_1_19' title='bbox 1709 484 1764 551; x_wconf 94' lang='lat' dir='ltr'><strong>diu</strong></span> <span class='ocrx_word' id='word_1_20' title='bbox 1787 483 1858 552; x_wconf 87' lang='lat' dir='ltr'><strong>dies</strong></span> <span class='ocrx_word' id='word_1_21' title='bbox 1880 484 1934 550; x_wconf 89' lang='lat' dir='ltr'><strong>in-</strong></span> 
     </span>
    </p>
   </div>
   <div class='ocr_carea' id='block_1_2' title="bbox 301 590 1390 676">
    <p class='ocr_par' dir='ltr' id='par_1_2' title="bbox 301 590 1390 676">
     <span class='ocr_line' id='line_1_4' title="bbox 301 590 1390 676; baseline -0.006 -15"><span class='ocrx_word' id='word_1_22' title='bbox 301 593 392 676; x_wconf 91' lang='lat' dir='ltr'><strong>luxit,</strong></span> <span class='ocrx_word' id='word_1_23' title='bbox 418 593 465 660; x_wconf 87' lang='lat' dir='ltr'><strong>ita</strong></span> <span class='ocrx_word' id='word_1_24' title='bbox 487 599 524 660; x_wconf 94' lang='lat' dir='ltr'><strong>ut</strong></span> <span class='ocrx_word' id='word_1_25' title='bbox 544 599 647 660; x_wconf 90' lang='lat' dir='ltr'><strong>tracta</strong></span> <span class='ocrx_word' id='word_1_26' title='bbox 669 612 741 659; x_wconf 89' lang='lat' dir='ltr'><strong>oum</strong></span> <span class='ocrx_word' id='word_1_27' title='bbox 763 591 916 676; x_wconf 88' lang='lat' dir='ltr'><strong>venisset,</strong></span> <span class='ocrx_word' id='word_1_28' title='bbox 942 592 1031 658; x_wconf 90' lang='lat' dir='ltr'><strong>nullo</strong></span> <span class='ocrx_word' id='word_1_29' title='bbox 1054 590 1192 658; x_wconf 89' lang='lat' dir='ltr'><strong>ducente</strong></span> <span class='ocrx_word' id='word_1_30' title='bbox 1214 591 1390 659; x_wconf 76' lang='lat' dir='ltr'><strong>recederet.</strong></span> 
     </span>
    </p>
   </div>
   <div class='ocr_carea' id='block_1_3' title="bbox 138 709 1969 1318">
    <p class='ocr_par' dir='ltr' id='par_1_3' title="bbox 138 709 1969 1318">
     <span class='ocr_line' id='line_1_5' title="bbox 138 709 1935 800; baseline -0.001 -21"><span class='ocrx_word' id='word_1_31' title='bbox 138 715 281 782; x_wconf 86' lang='lat' dir='ltr'>XXVIII</span> <span class='ocrx_word' id='word_1_32' title='bbox 394 714 455 800; x_wconf 85' lang='grc'>(66)</span> <span class='ocrx_word' id='word_1_33' title='bbox 482 714 564 781; x_wconf 82' lang='lat' dir='ltr'><strong>Item</strong></span> <span class='ocrx_word' id='word_1_34' title='bbox 586 715 696 800; x_wconf 90' lang='lat' dir='ltr'><strong>puella</strong></span> <span class='ocrx_word' id='word_1_35' title='bbox 713 711 885 779; x_wconf 84' lang='lat' dir='ltr'><strong>Fraiiledis</strong></span> <span class='ocrx_word' id='word_1_36' title='bbox 906 713 1037 779; x_wconf 92' lang='lat' dir='ltr'><strong>inimico</strong></span> <span class='ocrx_word' id='word_1_37' title='bbox 1058 712 1234 796; x_wconf 78' lang='lat' dir='ltr'><strong>instigante</strong></span> <span class='ocrx_word' id='word_1_38' title='bbox 1258 711 1334 778; x_wconf 91' lang='lat' dir='ltr'><strong>dum</strong></span> <span class='ocrx_word' id='word_1_39' title='bbox 1356 717 1556 795; x_wconf 83' lang='lat' dir='ltr'><strong>torqueretur</strong></span> <span class='ocrx_word' id='word_1_40' title='bbox 1577 716 1643 776; x_wconf 88' lang='lat' dir='ltr'><strong>tam</strong></span> <span class='ocrx_word' id='word_1_41' title='bbox 1665 709 1824 795; x_wconf 89' lang='lat' dir='ltr'><strong>nequiter,</strong></span> <span class='ocrx_word' id='word_1_42' title='bbox 1849 710 1935 778; x_wconf 85' lang='lat' dir='ltr'><strong>Sue-</strong></span> 
     </span>
     <span class='ocr_line' id='line_1_6' title="bbox 300 813 1933 900; baseline -0.002 -16"><span class='ocrx_word' id='word_1_43' title='bbox 300 817 359 885; x_wconf 92' lang='lat' dir='ltr'><strong>das</strong></span> <span class='ocrx_word' id='word_1_44' title='bbox 380 817 464 884; x_wconf 90' lang='lat' dir='ltr'><strong>inter</strong></span> <span class='ocrx_word' id='word_1_45' title='bbox 486 837 601 884; x_wconf 93' lang='lat' dir='ltr'><strong>manus</strong></span> <span class='ocrx_word' id='word_1_46' title='bbox 624 824 755 884; x_wconf 88' lang='lat' dir='ltr'><strong>sanotae</strong></span> <span class='ocrx_word' id='word_1_47' title='bbox 776 836 837 882; x_wconf 90' lang='lat' dir='ltr'><strong>nec</strong></span> <span class='ocrx_word' id='word_1_48' title='bbox 860 816 937 883; x_wconf 90' lang='lat' dir='ltr'><strong>data</strong></span> <span class='ocrx_word' id='word_1_49' title='bbox 960 815 1115 882; x_wconf 92' lang='lat' dir='ltr'><strong>dilatione</strong></span> <span class='ocrx_word' id='word_1_50' title='bbox 1138 814 1244 882; x_wconf 91' lang='lat' dir='ltr'><strong>curari</strong></span> <span class='ocrx_word' id='word_1_51' title='bbox 1266 814 1451 900; x_wconf 89' lang='lat' dir='ltr'><strong>promeruit.</strong></span> <span class='ocrx_word' id='word_1_52' title='bbox 1505 815 1566 900; x_wconf 80' lang='grc'>(67)</span> <span class='ocrx_word' id='word_1_53' title='bbox 1592 813 1663 881; x_wconf 85' lang='lat' dir='ltr'><strong>Nee</strong></span> <span class='ocrx_word' id='word_1_54' title='bbox 1682 813 1766 880; x_wconf 91' lang='lat' dir='ltr'><strong>illud</strong></span> <span class='ocrx_word' id='word_1_55' title='bbox 1788 821 1933 900; x_wconf 88' lang='lat' dir='ltr'><strong>praeter-</strong></span> 
     </span>
     <span class='ocr_line' id='line_1_7' title="bbox 299 917 1969 1007; baseline -0.006 -17"><span class='ocrx_word' id='word_1_56' title='bbox 299 929 391 990; x_wconf 82' lang='lat' dir='ltr'><strong>eatur</strong></span> <span class='ocrx_word' id='word_1_57' title='bbox 422 929 550 1007; x_wconf 91' lang='lat' dir='ltr'><strong>tempus</strong></span> <span class='ocrx_word' id='word_1_58' title='bbox 583 920 699 988; x_wconf 89' lang='lat' dir='ltr'><strong>beatae</strong></span> <span class='ocrx_word' id='word_1_59' title='bbox 733 920 822 1004; x_wconf 93' lang='lat' dir='ltr'><strong>quod</strong></span> <span class='ocrx_word' id='word_1_60' title='bbox 851 919 1021 1006; x_wconf 91' lang='lat' dir='ltr'><strong>praestitit.</strong></span> <span class='ocrx_word' id='word_1_61' title='bbox 1068 919 1205 986; x_wconf 77' lang='lat' dir='ltr'><strong>Femina</strong></span> <span class='ocrx_word' id='word_1_62' title='bbox 1233 917 1393 1003; x_wconf 89' lang='lat' dir='ltr'><strong>quaedam</strong></span> <span class='ocrx_word' id='word_1_63' title='bbox 1423 917 1561 984; x_wconf 89' lang='lat' dir='ltr'><strong>Leubila</strong></span> <span class='ocrx_word' id='word_1_64' title='bbox 1590 917 1666 985; x_wconf 91' lang='lat' dir='ltr'><strong>dum</strong></span> <span class='ocrx_word' id='word_1_65' title='bbox 1696 925 1868 985; x_wconf 85' lang='lat' dir='ltr'><strong>vexaretur</strong></span> <span class='ocrx_word' id='word_1_66' title='bbox 1897 919 1969 984; x_wconf 79' lang='lat' dir='ltr'><strong>ina</strong></span> 
     </span>
     <span class='ocr_line' id='line_1_8' title="bbox 300 1020 1933 1109; baseline -0.002 -17"><span class='ocrx_word' id='word_1_67' title='bbox 300 1047 373 1093; x_wconf 90' lang='lat' dir='ltr'><strong>rure</strong></span> <span class='ocrx_word' id='word_1_68' title='bbox 404 1027 445 1092; x_wconf 92' lang='lat' dir='ltr'><strong>ab</strong></span> <span class='ocrx_word' id='word_1_69' title='bbox 474 1024 660 1092; x_wconf 90' lang='lat' dir='ltr'><strong>adversario</strong></span> <span class='ocrx_word' id='word_1_70' title='bbox 689 1024 847 1109; x_wconf 89' lang='lat' dir='ltr'><strong>graviter,</strong></span> <span class='ocrx_word' id='word_1_71' title='bbox 885 1024 1033 1108; x_wconf 81' lang='lat' dir='ltr'><strong>sequenti</strong></span> <span class='ocrx_word' id='word_1_72' title='bbox 1063 1022 1116 1090; x_wconf 93' lang='lat' dir='ltr'><strong>die</strong></span> <span class='ocrx_word' id='word_1_73' title='bbox 1147 1030 1260 1090; x_wconf 89' lang='lat' dir='ltr'><strong>sancta</strong></span> <span class='ocrx_word' id='word_1_74' title='bbox 1289 1029 1416 1103; x_wconf 91' lang='lat' dir='ltr'><strong>orante,</strong></span> <span class='ocrx_word' id='word_1_75' title='bbox 1451 1042 1536 1088; x_wconf 88' lang='lat' dir='ltr'><strong>nova</strong></span> <span class='ocrx_word' id='word_1_76' title='bbox 1557 1020 1677 1088; x_wconf 80' lang='lat' dir='ltr'><strong>Christi</strong></span> <span class='ocrx_word' id='word_1_77' title='bbox 1706 1021 1869 1089; x_wconf 83' lang='lat' dir='ltr'><strong>curatione</strong></span> <span class='ocrx_word' id='word_1_78' title='bbox 1897 1023 1933 1088; x_wconf 93' lang='lat' dir='ltr'><strong>in</strong></span> 
     </span>
     <span class='ocr_line' id='line_1_9' title="bbox 298 1125 1932 1215; baseline -0.002 -19"><span class='ocrx_word' id='word_1_79' title='bbox 298 1129 434 1215; x_wconf 87' lang='lat' dir='ltr'><strong>scapula</strong></span> <span class='ocrx_word' id='word_1_80' title='bbox 467 1134 618 1214; x_wconf 85' lang='lat' dir='ltr'><strong>crepante</strong></span> <span class='ocrx_word' id='word_1_81' title='bbox 648 1135 721 1194; x_wconf 87' lang='lat' dir='ltr'><strong>cute</strong></span> <span class='ocrx_word' id='word_1_82' title='bbox 751 1134 783 1194; x_wconf 89' lang='lat' dir='ltr'><strong>et</strong></span> <span class='ocrx_word' id='word_1_83' title='bbox 812 1147 920 1194; x_wconf 91' lang='lat' dir='ltr'><strong>verme</strong></span> <span class='ocrx_word' id='word_1_84' title='bbox 950 1127 1038 1193; x_wconf 84' lang='lat' dir='ltr'><strong>foras</strong></span> <span class='ocrx_word' id='word_1_85' title='bbox 1068 1133 1224 1208; x_wconf 88' lang='lat' dir='ltr'><strong>exeunte,</strong></span> <span class='ocrx_word' id='word_1_86' title='bbox 1262 1145 1342 1192; x_wconf 90' lang='lat' dir='ltr'><strong>sana</strong></span> <span class='ocrx_word' id='word_1_87' title='bbox 1370 1132 1421 1193; x_wconf 86' lang='lat' dir='ltr'><strong>est</strong></span> <span class='ocrx_word' id='word_1_88' title='bbox 1447 1126 1576 1193; x_wconf 89' lang='lat' dir='ltr'><strong>reddita</strong></span> <span class='ocrx_word' id='word_1_89' title='bbox 1604 1125 1733 1211; x_wconf 90' lang='lat' dir='ltr'><strong>publice</strong></span> <span class='ocrx_word' id='word_1_90' title='bbox 1762 1132 1795 1192; x_wconf 89' lang='lat' dir='ltr'><strong>et</strong></span> <span class='ocrx_word' id='word_1_91' title='bbox 1823 1125 1932 1211; x_wconf 90' lang='lat' dir='ltr'><strong>ipsum</strong></span> 
     </span>
     <span class='ocr_line' id='line_1_10' title="bbox 297 1231 1058 1318; baseline -0.005 -17"><span class='ocrx_word' id='word_1_92' title='bbox 297 1254 439 1301; x_wconf 92' lang='lat' dir='ltr'><strong>vermem</strong></span> <span class='ocrx_word' id='word_1_93' title='bbox 462 1233 592 1304; x_wconf 84' lang='lat' dir='ltr'><strong>calcans</strong></span> <span class='ocrx_word' id='word_1_94' title='bbox 613 1231 697 1318; x_wconf 92' lang='lat' dir='ltr'><strong>pede</strong></span> <span class='ocrx_word' id='word_1_95' title='bbox 720 1233 858 1299; x_wconf 85' lang='lat' dir='ltr'><strong>liberate</strong></span> <span class='ocrx_word' id='word_1_96' title='bbox 881 1250 917 1299; x_wconf 87' lang='lat' dir='ltr'><strong>se</strong></span> <span class='ocrx_word' id='word_1_97' title='bbox 938 1231 1058 1298; x_wconf 86' lang='lat' dir='ltr'><strong>retulit.</strong></span> 
     </span>
    </p>
   </div>
   <div class='ocr_carea' id='block_1_4' title="bbox 163 1349 1985 2384">
    <p class='ocr_par' dir='ltr' id='par_1_4' title="bbox 163 1349 1985 1959">
     <span class='ocr_line' id='line_1_11' title="bbox 163 1349 1932 1440; baseline -0.003 -18"><span class='ocrx_word' id='word_1_98' title='bbox 163 1356 277 1422; x_wconf 84' lang='lat' dir='ltr'>XXIX</span> <span class='ocrx_word' id='word_1_99' title='bbox 390 1356 451 1440; x_wconf 82' lang='grc'>(68)</span> <span class='ocrx_word' id='word_1_100' title='bbox 478 1353 565 1420; x_wconf 92' lang='lat' dir='ltr'><strong>Illud</strong></span> <span class='ocrx_word' id='word_1_101' title='bbox 594 1353 680 1437; x_wconf 91' lang='lat' dir='ltr'><strong>quod</strong></span> <span class='ocrx_word' id='word_1_102' title='bbox 701 1354 812 1438; x_wconf 89' lang='lat' dir='ltr'><strong>gessit</strong></span> <span class='ocrx_word' id='word_1_103' title='bbox 833 1353 867 1420; x_wconf 95' lang='lat' dir='ltr'><strong>in</strong></span> <span class='ocrx_word' id='word_1_104' title='bbox 889 1359 1011 1419; x_wconf 90' lang='lat' dir='ltr'><strong>secreto</strong></span> <span class='ocrx_word' id='word_1_105' title='bbox 1033 1351 1213 1438; x_wconf 88' lang='lat' dir='ltr'><strong>proferatur</strong></span> <span class='ocrx_word' id='word_1_106' title='bbox 1233 1351 1267 1418; x_wconf 90' lang='lat' dir='ltr'><strong>in</strong></span> <span class='ocrx_word' id='word_1_107' title='bbox 1290 1351 1456 1438; x_wconf 90' lang='lat' dir='ltr'><strong>populum.</strong></span> <span class='ocrx_word' id='word_1_108' title='bbox 1503 1350 1662 1418; x_wconf 84' lang='lat' dir='ltr'><strong>Monacha</strong></span> <span class='ocrx_word' id='word_1_109' title='bbox 1683 1349 1843 1435; x_wconf 91' lang='lat' dir='ltr'><strong>quaedam</strong></span> <span class='ocrx_word' id='word_1_110' title='bbox 1865 1356 1932 1417; x_wconf 89' lang='lat' dir='ltr'><strong>toto</strong></span> 
     </span>
     <span class='ocr_line' id='line_1_12' title="bbox 297 1455 1985 1543; baseline -0.005 -18"><span class='ocrx_word' id='word_1_111' title='bbox 297 1479 381 1526; x_wconf 93' lang='lat' dir='ltr'><strong>anno</strong></span> <span class='ocrx_word' id='word_1_112' title='bbox 402 1459 438 1525; x_wconf 94' lang='lat' dir='ltr'><strong>in</strong></span> <span class='ocrx_word' id='word_1_113' title='bbox 460 1457 513 1524; x_wconf 91' lang='lat' dir='ltr'><strong>die</strong></span> <span class='ocrx_word' id='word_1_114' title='bbox 536 1457 646 1543; x_wconf 86' lang='lat' dir='ltr'><strong>gelata</strong></span> <span class='ocrx_word' id='word_1_115' title='bbox 667 1456 804 1541; x_wconf 88' lang='lat' dir='ltr'><strong>frigore,</strong></span> <span class='ocrx_word' id='word_1_116' title='bbox 831 1462 1034 1542; x_wconf 88' lang='lat' dir='ltr'><strong>pernoctem</strong></span> <span class='ocrx_word' id='word_1_117' title='bbox 1058 1461 1200 1523; x_wconf 90' lang='lat' dir='ltr'><strong>cremata</strong></span> <span class='ocrx_word' id='word_1_118' title='bbox 1221 1455 1316 1540; x_wconf 85' lang='lat' dir='ltr'><strong>igne,</strong></span> <span class='ocrx_word' id='word_1_119' title='bbox 1342 1475 1400 1522; x_wconf 87' lang='lat' dir='ltr'><strong>sex</strong></span> <span class='ocrx_word' id='word_1_120' title='bbox 1423 1455 1588 1522; x_wconf 92' lang='lat' dir='ltr'><strong>mensibus</strong></span> <span class='ocrx_word' id='word_1_121' title='bbox 1609 1474 1670 1521; x_wconf 89' lang='lat' dir='ltr'><strong>neo</strong></span> <span class='ocrx_word' id='word_1_122' title='bbox 1691 1472 1838 1539; x_wconf 87' lang='lat' dir='ltr'><strong>gressum</strong></span> <span class='ocrx_word' id='word_1_123' title='bbox 1861 1473 1985 1520; x_wconf 90' lang='lat' dir='ltr'><strong>mo-1c</strong></span> 
     </span>
     <span class='ocr_line' id='line_1_13' title="bbox 297 1558 1931 1643; baseline -0.002 -14"><span class='ocrx_word' id='word_1_124' title='bbox 297 1583 377 1630; x_wconf 93' lang='lat' dir='ltr'><strong>vens</strong></span> <span class='ocrx_word' id='word_1_125' title='bbox 400 1582 471 1627; x_wconf 90' lang='lat' dir='ltr'><strong>cum</strong></span> <span class='ocrx_word' id='word_1_126' title='bbox 494 1562 615 1628; x_wconf 89' lang='lat' dir='ltr'><strong>iaceret</strong></span> <span class='ocrx_word' id='word_1_127' title='bbox 637 1561 806 1642; x_wconf 89' lang='lat' dir='ltr'><strong>exanimis,</strong></span> <span class='ocrx_word' id='word_1_128' title='bbox 834 1568 965 1628; x_wconf 89' lang='lat' dir='ltr'><strong>sanctae</strong></span> <span class='ocrx_word' id='word_1_129' title='bbox 988 1560 1029 1628; x_wconf 91' lang='lat' dir='ltr'><strong>de</strong></span> <span class='ocrx_word' id='word_1_130' title='bbox 1052 1561 1123 1627; x_wconf 87' lang='lat' dir='ltr'><strong>eius</strong></span> <span class='ocrx_word' id='word_1_131' title='bbox 1145 1559 1330 1627; x_wconf 90' lang='lat' dir='ltr'><strong>infirmitate</strong></span> <span class='ocrx_word' id='word_1_132' title='bbox 1353 1579 1441 1626; x_wconf 88' lang='lat' dir='ltr'><strong>soror</strong></span> <span class='ocrx_word' id='word_1_133' title='bbox 1462 1561 1566 1627; x_wconf 90' lang='lat' dir='ltr'><strong>altera</strong></span> <span class='ocrx_word' id='word_1_134' title='bbox 1586 1558 1756 1626; x_wconf 90' lang='lat' dir='ltr'><strong>nuntiavit.</strong></span> <span class='ocrx_word' id='word_1_135' title='bbox 1796 1559 1838 1624; x_wconf 82' lang='lat' dir='ltr'><strong>Et</strong></span> <span class='ocrx_word' id='word_1_136' title='bbox 1851 1558 1931 1643; x_wconf 88' lang='lat' dir='ltr'><strong>quia</strong></span> 
     </span>
     <span class='ocr_line' id='line_1_14' title="bbox 295 1661 1931 1754; baseline -0.003 -20"><span class='ocrx_word' id='word_1_137' title='bbox 295 1666 460 1754; x_wconf 82' lang='lat' dir='ltr'><strong>perinanIs</strong></span> <span class='ocrx_word' id='word_1_138' title='bbox 489 1671 589 1748; x_wconf 90' lang='lat' dir='ltr'><strong>esset,</strong></span> <span class='ocrx_word' id='word_1_139' title='bbox 621 1665 765 1749; x_wconf 87' lang='lat' dir='ltr'><strong>tepidam</strong></span> <span class='ocrx_word' id='word_1_140' title='bbox 792 1664 864 1732; x_wconf 91' lang='lat' dir='ltr'><strong>fieri</strong></span> <span class='ocrx_word' id='word_1_141' title='bbox 892 1665 1070 1752; x_wconf 88' lang='lat' dir='ltr'><strong>praecepit,</strong></span> <span class='ocrx_word' id='word_1_142' title='bbox 1102 1663 1208 1750; x_wconf 87' lang='lat' dir='ltr'><strong>ipsam</strong></span> <span class='ocrx_word' id='word_1_143' title='bbox 1230 1670 1396 1749; x_wconf 83' lang='lat' dir='ltr'><strong>aegrotam</strong></span> <span class='ocrx_word' id='word_1_144' title='bbox 1418 1661 1462 1730; x_wconf 91' lang='lat' dir='ltr'><strong>ad</strong></span> <span class='ocrx_word' id='word_1_145' title='bbox 1485 1682 1521 1730; x_wconf 88' lang='lat' dir='ltr'><strong>se</strong></span> <span class='ocrx_word' id='word_1_146' title='bbox 1543 1662 1621 1729; x_wconf 85' lang='lat' dir='ltr'><strong>iacit</strong></span> <span class='ocrx_word' id='word_1_147' title='bbox 1641 1661 1675 1729; x_wconf 94' lang='lat' dir='ltr'><strong>in</strong></span> <span class='ocrx_word' id='word_1_148' title='bbox 1698 1663 1848 1729; x_wconf 91' lang='lat' dir='ltr'><strong>cellulam</strong></span> <span class='ocrx_word' id='word_1_149' title='bbox 1871 1662 1931 1729; x_wconf 91' lang='lat' dir='ltr'><strong>de-</strong></span> 
     </span>
     <span class='ocr_line' id='line_1_15' title="bbox 295 1767 1930 1858; baseline -0.004 -20"><span class='ocrx_word' id='word_1_150' title='bbox 295 1770 416 1858; x_wconf 90' lang='lat' dir='ltr'><strong>portari</strong></span> <span class='ocrx_word' id='word_1_151' title='bbox 438 1775 471 1837; x_wconf 93' lang='lat' dir='ltr'><strong>et</strong></span> <span class='ocrx_word' id='word_1_152' title='bbox 491 1767 525 1835; x_wconf 92' lang='lat' dir='ltr'><strong>in</strong></span> <span class='ocrx_word' id='word_1_153' title='bbox 546 1768 660 1855; x_wconf 88' lang='lat' dir='ltr'><strong>tepida</strong></span> <span class='ocrx_word' id='word_1_154' title='bbox 681 1768 810 1854; x_wconf 92' lang='lat' dir='ltr'><strong>deponi.</strong></span> <span class='ocrx_word' id='word_1_155' title='bbox 862 1770 922 1853; x_wconf 87' lang='grc'>(69)</span> <span class='ocrx_word' id='word_1_156' title='bbox 950 1769 1033 1834; x_wconf 88' lang='lat' dir='ltr'><strong>Hinc</strong></span> <span class='ocrx_word' id='word_1_157' title='bbox 1054 1769 1145 1835; x_wconf 92' lang='lat' dir='ltr'><strong>iubet</strong></span> <span class='ocrx_word' id='word_1_158' title='bbox 1166 1787 1277 1837; x_wconf 87' lang='lat' dir='ltr'><strong>omnes</strong></span> <span class='ocrx_word' id='word_1_159' title='bbox 1299 1768 1475 1850; x_wconf 91' lang='lat' dir='ltr'><strong>removeri,</strong></span> <span class='ocrx_word' id='word_1_160' title='bbox 1502 1773 1689 1836; x_wconf 88' lang='lat' dir='ltr'><strong>remanente</strong></span> <span class='ocrx_word' id='word_1_161' title='bbox 1711 1772 1834 1833; x_wconf 90' lang='lat' dir='ltr'><strong>tantum</strong></span> <span class='ocrx_word' id='word_1_162' title='bbox 1858 1767 1930 1833; x_wconf 88' lang='lat' dir='ltr'><strong>sola</strong></span> 
     </span>
     <span class='ocr_line' id='line_1_16' title="bbox 296 1869 1930 1959; baseline -0.002 -17"><span class='ocrx_word' id='word_1_163' title='bbox 296 1875 392 1942; x_wconf 88' lang='lat' dir='ltr'><strong>simul</strong></span> <span class='ocrx_word' id='word_1_164' title='bbox 414 1880 548 1959; x_wconf 90' lang='lat' dir='ltr'><strong>aegrota</strong></span> <span class='ocrx_word' id='word_1_165' title='bbox 570 1893 642 1940; x_wconf 92' lang='lat' dir='ltr'><strong>cum</strong></span> <span class='ocrx_word' id='word_1_166' title='bbox 665 1873 794 1940; x_wconf 91' lang='lat' dir='ltr'><strong>medica</strong></span> <span class='ocrx_word' id='word_1_167' title='bbox 815 1874 885 1940; x_wconf 88' lang='lat' dir='ltr'><strong>fere</strong></span> <span class='ocrx_word' id='word_1_168' title='bbox 907 1892 966 1959; x_wconf 92' lang='lat' dir='ltr'><strong>per</strong></span> <span class='ocrx_word' id='word_1_169' title='bbox 987 1873 1083 1939; x_wconf 92' lang='lat' dir='ltr'><strong>boras</strong></span> <span class='ocrx_word' id='word_1_170' title='bbox 1106 1873 1199 1939; x_wconf 89' lang='lat' dir='ltr'><strong>duas.</strong></span> <span class='ocrx_word' id='word_1_171' title='bbox 1240 1871 1402 1952; x_wconf 85' lang='lat' dir='ltr'><strong>Quantum</strong></span> <span class='ocrx_word' id='word_1_172' title='bbox 1425 1878 1475 1938; x_wconf 91' lang='lat' dir='ltr'><strong>est</strong></span> <span class='ocrx_word' id='word_1_173' title='bbox 1497 1870 1637 1957; x_wconf 89' lang='lat' dir='ltr'><strong>corporis</strong></span> <span class='ocrx_word' id='word_1_174' title='bbox 1658 1869 1762 1937; x_wconf 83' lang='lat' dir='ltr'><strong>forma</strong></span> <span class='ocrx_word' id='word_1_175' title='bbox 1782 1891 1804 1936; x_wconf 91' lang='lat' dir='ltr'><strong>a</strong></span> <span class='ocrx_word' id='word_1_176' title='bbox 1822 1870 1930 1955; x_wconf 88' lang='lat' dir='ltr'><strong>capite</strong></span> 
     </span>
    </p>

    <p class='ocr_par' dir='ltr' id='par_1_5' title="bbox 272 1975 1982 2384">
     <span class='ocr_line' id='line_1_17' title="bbox 272 1975 1982 2066; baseline -0.006 -19"><span class='ocrx_word' id='word_1_177' title='bbox 272 1991 398 2062; x_wconf 86' lang='lat' dir='ltr'><strong>¹usque</strong></span> <span class='ocrx_word' id='word_1_178' title='bbox 426 1979 470 2044; x_wconf 89' lang='lat' dir='ltr'><strong>ad</strong></span> <span class='ocrx_word' id='word_1_179' title='bbox 498 1978 644 2064; x_wconf 88' lang='lat' dir='ltr'><strong>plantam</strong></span> <span class='ocrx_word' id='word_1_180' title='bbox 670 1977 798 2044; x_wconf 87' lang='lat' dir='ltr'><strong>infirma</strong></span> <span class='ocrx_word' id='word_1_181' title='bbox 826 1978 971 2044; x_wconf 90' lang='lat' dir='ltr'><strong>membra</strong></span> <span class='ocrx_word' id='word_1_182' title='bbox 997 1975 1192 2066; x_wconf 80' lang='lat' dir='ltr'><strong>conbaiulat.</strong></span> <span class='ocrx_word' id='word_1_183' title='bbox 1254 1979 1313 2062; x_wconf 83' lang='grc'>(70)</span> <span class='ocrx_word' id='word_1_184' title='bbox 1342 1976 1468 2043; x_wconf 91' lang='lat' dir='ltr'><strong>Dehinc</strong></span> <span class='ocrx_word' id='word_1_185' title='bbox 1497 1995 1560 2060; x_wconf 94' lang='lat' dir='ltr'><strong>quo</strong></span> <span class='ocrx_word' id='word_1_186' title='bbox 1589 1995 1704 2041; x_wconf 90' lang='lat' dir='ltr'><strong>manus</strong></span> <span class='ocrx_word' id='word_1_187' title='bbox 1733 1975 1925 2060; x_wconf 85' lang='lat' dir='ltr'><strong>attingebat,</strong></span> <span class='ocrx_word' id='word_1_188' title='bbox 1951 1996 1982 2037; x_wconf 80' lang='lat' dir='ltr'><strong>rs</strong></span> 
     </span>
     <span class='ocr_line' id='line_1_18' title="bbox 294 2077 1929 2167; baseline -0.004 -17"><span class='ocrx_word' id='word_1_189' title='bbox 294 2082 442 2167; x_wconf 86' lang='lat' dir='ltr'><strong>fugiebat</strong></span> <span class='ocrx_word' id='word_1_190' title='bbox 470 2082 560 2149; x_wconf 91' lang='lat' dir='ltr'><strong>dolor</strong></span> <span class='ocrx_word' id='word_1_191' title='bbox 590 2081 631 2148; x_wconf 91' lang='lat' dir='ltr'><strong>de</strong></span> <span class='ocrx_word' id='word_1_192' title='bbox 652 2079 809 2167; x_wconf 85' lang='lat' dir='ltr'><strong>languida</strong></span> <span class='ocrx_word' id='word_1_193' title='bbox 831 2088 865 2148; x_wconf 91' lang='lat' dir='ltr'><strong>et</strong></span> <span class='ocrx_word' id='word_1_194' title='bbox 885 2101 982 2167; x_wconf 92' lang='lat' dir='ltr'><strong>quam</strong></span> <span class='ocrx_word' id='word_1_195' title='bbox 1005 2081 1089 2148; x_wconf 92' lang='lat' dir='ltr'><strong>duae</strong></span> <span class='ocrx_word' id='word_1_196' title='bbox 1112 2081 1330 2167; x_wconf 87' lang='lat' dir='ltr'><strong>deposuerant</strong></span> <span class='ocrx_word' id='word_1_197' title='bbox 1352 2080 1432 2147; x_wconf 87' lang='lat' dir='ltr'><strong>exiit</strong></span> <span class='ocrx_word' id='word_1_198' title='bbox 1455 2079 1594 2148; x_wconf 89' lang='lat' dir='ltr'><strong>salubris</strong></span> <span class='ocrx_word' id='word_1_199' title='bbox 1616 2078 1658 2146; x_wconf 89' lang='lat' dir='ltr'><strong>de</strong></span> <span class='ocrx_word' id='word_1_200' title='bbox 1680 2077 1809 2164; x_wconf 87' lang='lat' dir='ltr'><strong>tepida,</strong></span> <span class='ocrx_word' id='word_1_201' title='bbox 1842 2097 1929 2162; x_wconf 89' lang='lat' dir='ltr'><strong>quae</strong></span> 
     </span>
     <span class='ocr_line' id='line_1_19' title="bbox 293 2183 1929 2271; baseline -0.002 -19"><span class='ocrx_word' id='word_1_202' title='bbox 293 2186 403 2252; x_wconf 91' lang='lat' dir='ltr'><strong>vinum</strong></span> <span class='ocrx_word' id='word_1_203' title='bbox 425 2205 485 2252; x_wconf 89' lang='lat' dir='ltr'><strong>nec</strong></span> <span class='ocrx_word' id='word_1_204' title='bbox 508 2185 663 2252; x_wconf 89' lang='lat' dir='ltr'><strong>odorabat</strong></span> <span class='ocrx_word' id='word_1_205' title='bbox 683 2185 820 2271; x_wconf 90' lang='lat' dir='ltr'><strong>accepit,</strong></span> <span class='ocrx_word' id='word_1_206' title='bbox 847 2185 930 2251; x_wconf 91' lang='lat' dir='ltr'><strong>bibit</strong></span> <span class='ocrx_word' id='word_1_207' title='bbox 951 2191 985 2252; x_wconf 92' lang='lat' dir='ltr'><strong>et</strong></span> <span class='ocrx_word' id='word_1_208' title='bbox 1005 2184 1128 2252; x_wconf 89' lang='lat' dir='ltr'><strong>refecta</strong></span> <span class='ocrx_word' id='word_1_209' title='bbox 1149 2190 1210 2252; x_wconf 88' lang='lat' dir='ltr'><strong>est.</strong></span> <span class='ocrx_word' id='word_1_210' title='bbox 1250 2184 1337 2263; x_wconf 87' lang='lat' dir='ltr'><strong>Quid</strong></span> <span class='ocrx_word' id='word_1_211' title='bbox 1358 2185 1475 2270; x_wconf 78' lang='lat' dir='ltr'><strong>plural</strong></span> <span class='ocrx_word' id='word_1_212' title='bbox 1512 2183 1667 2269; x_wconf 83' lang='lat' dir='ltr'><strong>Sequenti</strong></span> <span class='ocrx_word' id='word_1_213' title='bbox 1690 2183 1744 2250; x_wconf 93' lang='lat' dir='ltr'><strong>die</strong></span> <span class='ocrx_word' id='word_1_214' title='bbox 1766 2203 1838 2249; x_wconf 89' lang='lat' dir='ltr'><strong>cum</strong></span> <span class='ocrx_word' id='word_1_215' title='bbox 1860 2183 1929 2248; x_wconf 89' lang='lat' dir='ltr'><strong>iam</strong></span> 
     </span>
     <span class='ocr_line' id='line_1_20' title="bbox 296 2287 1420 2384; baseline -0.004 -27"><span class='ocrx_word' id='word_1_216' title='bbox 296 2296 481 2376; x_wconf 87' lang='lat' dir='ltr'><strong>speraretur</strong></span> <span class='ocrx_word' id='word_1_217' title='bbox 503 2289 640 2373; x_wconf 83' lang='lat' dir='ltr'><strong>mIgrare</strong></span> <span class='ocrx_word' id='word_1_218' title='bbox 664 2288 705 2355; x_wconf 92' lang='lat' dir='ltr'><strong>de</strong></span> <span class='ocrx_word' id='word_1_219' title='bbox 728 2287 869 2371; x_wconf 88' lang='lat' dir='ltr'><strong>saeculo,</strong></span> <span class='ocrx_word' id='word_1_220' title='bbox 897 2289 991 2354; x_wconf 90' lang='lat' dir='ltr'><strong>salva</strong></span> <span class='ocrx_word' id='word_1_221' title='bbox 1011 2289 1169 2374; x_wconf 89' lang='lat' dir='ltr'><strong>processit</strong></span> <span class='ocrx_word' id='word_1_222' title='bbox 1189 2288 1223 2354; x_wconf 90' lang='lat' dir='ltr'><strong>in</strong></span> <span class='ocrx_word' id='word_1_223' title='bbox 1245 2288 1420 2384; x_wconf 77' lang='lat' dir='ltr'><strong>publicum.</strong></span> 
     </span>
    </p>
   </div>
   <div class='ocr_carea' id='block_1_5' title="bbox 177 2406 1979 3225">
    <p class='ocr_par' dir='ltr' id='par_1_6' title="bbox 177 2406 1979 3225">
     <span class='ocr_line' id='line_1_21' title="bbox 177 2406 1929 2496; baseline -0.003 -18"><span class='ocrx_word' id='word_1_224' title='bbox 177 2413 274 2480; x_wconf 92' lang='lat' dir='ltr'><strong>XXX</strong></span> <span class='ocrx_word' id='word_1_225' title='bbox 387 2412 448 2495; x_wconf 88' lang='grc'>(71)</span> <span class='ocrx_word' id='word_1_226' title='bbox 475 2409 642 2476; x_wconf 86' lang='lat' dir='ltr'><strong>Adiciatur</strong></span> <span class='ocrx_word' id='word_1_227' title='bbox 671 2408 761 2475; x_wconf 89' lang='lat' dir='ltr'><strong>laudi</strong></span> <span class='ocrx_word' id='word_1_228' title='bbox 789 2408 960 2492; x_wconf 84' lang='lat' dir='ltr'><strong>quodnou</strong></span> <span class='ocrx_word' id='word_1_229' title='bbox 983 2409 1122 2494; x_wconf 91' lang='lat' dir='ltr'><strong>deperiit</strong></span> <span class='ocrx_word' id='word_1_230' title='bbox 1142 2410 1266 2479; x_wconf 90' lang='lat' dir='ltr'><strong>merito.</strong></span> <span class='ocrx_word' id='word_1_231' title='bbox 1314 2409 1431 2476; x_wconf 85' lang='lat' dir='ltr'><strong>Mulier</strong></span> <span class='ocrx_word' id='word_1_232' title='bbox 1452 2410 1612 2496; x_wconf 91' lang='lat' dir='ltr'><strong>quaedam</strong></span> <span class='ocrx_word' id='word_1_233' title='bbox 1634 2409 1711 2475; x_wconf 91' lang='lat' dir='ltr'><strong>dum</strong></span> <span class='ocrx_word' id='word_1_234' title='bbox 1733 2406 1855 2473; x_wconf 91' lang='lat' dir='ltr'><strong>inimici</strong></span> <span class='ocrx_word' id='word_1_235' title='bbox 1876 2406 1929 2473; x_wconf 92' lang='lat' dir='ltr'><strong>in-</strong></span> 
     </span>
     <span class='ocr_line' id='line_1_22' title="bbox 293 2512 1979 2600; baseline -0.005 -18"><span class='ocrx_word' id='word_1_236' title='bbox 293 2514 427 2582; x_wconf 85' lang='lat' dir='ltr'><strong>vasione</strong></span> <span class='ocrx_word' id='word_1_237' title='bbox 457 2513 600 2598; x_wconf 90' lang='lat' dir='ltr'><strong>graviter</strong></span> <span class='ocrx_word' id='word_1_238' title='bbox 629 2513 792 2580; x_wconf 87' lang='lat' dir='ltr'><strong>laboraret</strong></span> <span class='ocrx_word' id='word_1_239' title='bbox 820 2519 853 2580; x_wconf 92' lang='lat' dir='ltr'><strong>et</strong></span> <span class='ocrx_word' id='word_1_240' title='bbox 881 2513 937 2580; x_wconf 81' lang='lat' dir='ltr'><strong>va</strong></span> <span class='ocrx_word' id='word_1_241' title='bbox 966 2512 1010 2579; x_wconf 91' lang='lat' dir='ltr'><strong>ad</strong></span> <span class='ocrx_word' id='word_1_242' title='bbox 1038 2518 1183 2579; x_wconf 90' lang='lat' dir='ltr'><strong>sanctam</strong></span> <span class='ocrx_word' id='word_1_243' title='bbox 1212 2513 1393 2600; x_wconf 86' lang='lat' dir='ltr'><strong>potuissent</strong></span> <span class='ocrx_word' id='word_1_244' title='bbox 1420 2513 1545 2580; x_wconf 89' lang='lat' dir='ltr'><strong>bostem</strong></span> <span class='ocrx_word' id='word_1_245' title='bbox 1571 2513 1726 2579; x_wconf 91' lang='lat' dir='ltr'><strong>rebellem</strong></span> <span class='ocrx_word' id='word_1_246' title='bbox 1748 2512 1922 2596; x_wconf 89' lang='lat' dir='ltr'><strong>adducere,</strong></span> <span class='ocrx_word' id='word_1_247' title='bbox 1947 2531 1979 2574; x_wconf 87' lang='lat' dir='ltr'><strong>rc</strong></span> 
     </span>
     <span class='ocr_line' id='line_1_23' title="bbox 294 2615 1926 2704; baseline -0.002 -18"><span class='ocrx_word' id='word_1_248' title='bbox 294 2621 432 2704; x_wconf 92' lang='lat' dir='ltr'><strong>imperat</strong></span> <span class='ocrx_word' id='word_1_249' title='bbox 458 2617 663 2702; x_wconf 91' lang='lat' dir='ltr'><strong>adversario,</strong></span> <span class='ocrx_word' id='word_1_250' title='bbox 696 2624 732 2684; x_wconf 92' lang='lat' dir='ltr'><strong>ut</strong></span> <span class='ocrx_word' id='word_1_251' title='bbox 762 2636 797 2684; x_wconf 88' lang='lat' dir='ltr'><strong>se</strong></span> <span class='ocrx_word' id='word_1_252' title='bbox 827 2636 885 2683; x_wconf 94' lang='lat' dir='ltr'><strong>suo</strong></span> <span class='ocrx_word' id='word_1_253' title='bbox 915 2636 987 2683; x_wconf 89' lang='lat' dir='ltr'><strong>cum</strong></span> <span class='ocrx_word' id='word_1_254' title='bbox 1016 2616 1129 2683; x_wconf 92' lang='lat' dir='ltr'><strong>timore</strong></span> <span class='ocrx_word' id='word_1_255' title='bbox 1157 2615 1342 2703; x_wconf 89' lang='lat' dir='ltr'><strong>pavimento</strong></span> <span class='ocrx_word' id='word_1_256' title='bbox 1370 2622 1596 2702; x_wconf 90' lang='lat' dir='ltr'><strong>prosterneret.</strong></span> <span class='ocrx_word' id='word_1_257' title='bbox 1643 2616 1718 2684; x_wconf 87' lang='lat' dir='ltr'><strong>Mox</strong></span> <span class='ocrx_word' id='word_1_258' title='bbox 1745 2617 1787 2682; x_wconf 89' lang='lat' dir='ltr'><strong>ad</strong></span> <span class='ocrx_word' id='word_1_259' title='bbox 1810 2616 1926 2682; x_wconf 88' lang='lat' dir='ltr'><strong>beatae</strong></span> 
     </span>
     <span class='ocr_line' id='line_1_24' title="bbox 294 2718 1926 2806; baseline -0.002 -17"><span class='ocrx_word' id='word_1_260' title='bbox 294 2742 472 2790; x_wconf 90' lang='lat' dir='ltr'><strong>sermonem</strong></span> <span class='ocrx_word' id='word_1_261' title='bbox 499 2722 534 2787; x_wconf 91' lang='lat' dir='ltr'><strong>in</strong></span> <span class='ocrx_word' id='word_1_262' title='bbox 563 2729 650 2788; x_wconf 90' lang='lat' dir='ltr'><strong>terra</strong></span> <span class='ocrx_word' id='word_1_263' title='bbox 678 2741 714 2787; x_wconf 90' lang='lat' dir='ltr'><strong>se</strong></span> <span class='ocrx_word' id='word_1_264' title='bbox 744 2721 902 2804; x_wconf 86' lang='lat' dir='ltr'><strong>deiciens,</strong></span> <span class='ocrx_word' id='word_1_265' title='bbox 937 2721 993 2805; x_wconf 93' lang='lat' dir='ltr'><strong>qui</strong></span> <span class='ocrx_word' id='word_1_266' title='bbox 1020 2722 1194 2788; x_wconf 90' lang='lat' dir='ltr'><strong>timebatur</strong></span> <span class='ocrx_word' id='word_1_267' title='bbox 1221 2721 1379 2787; x_wconf 82' lang='lat' dir='ltr'><strong>extimuit.</strong></span> <span class='ocrx_word' id='word_1_268' title='bbox 1428 2720 1489 2787; x_wconf 82' lang='lat' dir='ltr'><strong>Cui</strong></span> <span class='ocrx_word' id='word_1_269' title='bbox 1511 2727 1622 2786; x_wconf 86' lang='lat' dir='ltr'><strong>sancta</strong></span> <span class='ocrx_word' id='word_1_270' title='bbox 1645 2720 1744 2806; x_wconf 90' lang='lat' dir='ltr'><strong>plena</strong></span> <span class='ocrx_word' id='word_1_271' title='bbox 1765 2718 1830 2785; x_wconf 88' lang='lat' dir='ltr'><strong>fide</strong></span> <span class='ocrx_word' id='word_1_272' title='bbox 1852 2740 1926 2785; x_wconf 87' lang='lat' dir='ltr'><strong>eum</strong></span> 
     </span>
     <span class='ocr_line' id='line_1_25' title="bbox 294 2823 1928 2909; baseline -0.002 -16"><span class='ocrx_word' id='word_1_273' title='bbox 294 2827 454 2894; x_wconf 87' lang='lat' dir='ltr'><strong>calcasset</strong></span> <span class='ocrx_word' id='word_1_274' title='bbox 474 2826 508 2891; x_wconf 89' lang='lat' dir='ltr'><strong>in</strong></span> <span class='ocrx_word' id='word_1_275' title='bbox 530 2823 670 2908; x_wconf 87' lang='lat' dir='ltr'><strong>cervice,</strong></span> <span class='ocrx_word' id='word_1_276' title='bbox 703 2824 793 2892; x_wconf 88' lang='lat' dir='ltr'><strong>fluxu</strong></span> <span class='ocrx_word' id='word_1_277' title='bbox 815 2825 936 2892; x_wconf 87' lang='lat' dir='ltr'><strong>ventris</strong></span> <span class='ocrx_word' id='word_1_278' title='bbox 958 2844 1111 2909; x_wconf 88' lang='lat' dir='ltr'><strong>egressus</strong></span> <span class='ocrx_word' id='word_1_279' title='bbox 1134 2831 1193 2892; x_wconf 91' lang='lat' dir='ltr'><strong>est.</strong></span> <span class='ocrx_word' id='word_1_280' title='bbox 1247 2826 1307 2909; x_wconf 84' lang='grc'><strong>(72)</strong></span> <span class='ocrx_word' id='word_1_281' title='bbox 1334 2826 1394 2891; x_wconf 82' lang='lat' dir='ltr'><strong>Est</strong></span> <span class='ocrx_word' id='word_1_282' title='bbox 1415 2825 1503 2892; x_wconf 91' lang='lat' dir='ltr'><strong>etin</strong></span> <span class='ocrx_word' id='word_1_283' title='bbox 1525 2826 1621 2892; x_wconf 89' lang='lat' dir='ltr'><strong>rebus</strong></span> <span class='ocrx_word' id='word_1_284' title='bbox 1643 2824 1785 2892; x_wconf 91' lang='lat' dir='ltr'><strong>minimis</strong></span> <span class='ocrx_word' id='word_1_285' title='bbox 1807 2844 1928 2908; x_wconf 89' lang='lat' dir='ltr'><strong>magna</strong></span> 
     </span>
     <span class='ocr_line' id='line_1_26' title="bbox 293 2913 1927 3015; baseline -0.001 -19"><span class='ocrx_word' id='word_1_286' title='bbox 293 2928 398 3014; x_wconf 90' lang='lat' dir='ltr'><strong>gloria</strong></span> <span class='ocrx_word' id='word_1_287' title='bbox 427 2929 590 2996; x_wconf 86' lang='lat' dir='ltr'><strong>creatoris.</strong></span> <span class='ocrx_word' id='word_1_288' title='bbox 637 2929 723 3014; x_wconf 82' lang='lat' dir='ltr'><strong>Ergo</strong></span> <span class='ocrx_word' id='word_1_289' title='bbox 754 2948 832 2996; x_wconf 90' lang='lat' dir='ltr'><strong>casu</strong></span> <span class='ocrx_word' id='word_1_290' title='bbox 861 2929 937 2995; x_wconf 88' lang='lat' dir='ltr'><strong>durn</strong></span> <span class='ocrx_word' id='word_1_291' title='bbox 966 2930 1092 3013; x_wconf 89' lang='lat' dir='ltr'><strong>glomus</strong></span> <span class='ocrx_word' id='word_1_292' title='bbox 1121 2949 1217 3012; x_wconf 90' lang='lat' dir='ltr'><strong>quem</strong></span> <span class='ocrx_word' id='word_1_293' title='bbox 1247 2935 1360 2996; x_wconf 90' lang='lat' dir='ltr'><strong>sancta</strong></span> <span class='ocrx_word' id='word_1_294' title='bbox 1387 2913 1536 2996; x_wconf 79' lang='lat' dir='ltr'><strong>filaverat</strong></span> <span class='ocrx_word' id='word_1_295' title='bbox 1564 2928 1779 3015; x_wconf 89' lang='lat' dir='ltr'><strong>perpenderet</strong></span> <span class='ocrx_word' id='word_1_296' title='bbox 1806 2926 1847 2995; x_wconf 93' lang='lat' dir='ltr'><strong>de</strong></span> <span class='ocrx_word' id='word_1_297' title='bbox 1870 2947 1927 2994; x_wconf 88' lang='lat' dir='ltr'><strong>ca-</strong></span> 
     </span>
     <span class='ocr_line' id='line_1_27' title="bbox 293 3032 1978 3119; baseline -0.001 -19"><span class='ocrx_word' id='word_1_298' title='bbox 293 3055 397 3116; x_wconf 89' lang='lat' dir='ltr'><strong>mera,</strong></span> <span class='ocrx_word' id='word_1_299' title='bbox 434 3033 568 3101; x_wconf 89' lang='lat' dir='ltr'><strong>veniens</strong></span> <span class='ocrx_word' id='word_1_300' title='bbox 602 3033 688 3099; x_wconf 87' lang='lat' dir='ltr'><strong>sorIx</strong></span> <span class='ocrx_word' id='word_1_301' title='bbox 720 3039 757 3100; x_wconf 94' lang='lat' dir='ltr'><strong>ut</strong></span> <span class='ocrx_word' id='word_1_302' title='bbox 787 3039 949 3118; x_wconf 87' lang='lat' dir='ltr'><strong>tangeret,</strong></span> <span class='ocrx_word' id='word_1_303' title='bbox 986 3040 1159 3119; x_wconf 88' lang='lat' dir='ltr'><strong>antequam</strong></span> <span class='ocrx_word' id='word_1_304' title='bbox 1189 3032 1279 3100; x_wconf 92' lang='lat' dir='ltr'><strong>filum</strong></span> <span class='ocrx_word' id='word_1_305' title='bbox 1308 3033 1466 3101; x_wconf 91' lang='lat' dir='ltr'><strong>incideret</strong></span> <span class='ocrx_word' id='word_1_306' title='bbox 1491 3037 1636 3100; x_wconf 88' lang='lat' dir='ltr'><strong>mortuus</strong></span> <span class='ocrx_word' id='word_1_307' title='bbox 1665 3032 1699 3098; x_wconf 95' lang='lat' dir='ltr'><strong>in</strong></span> <span class='ocrx_word' id='word_1_308' title='bbox 1729 3052 1836 3100; x_wconf 92' lang='lat' dir='ltr'><strong>morsu</strong></span> <span class='ocrx_word' id='word_1_309' title='bbox 1865 3051 1926 3118; x_wconf 90' lang='lat' dir='ltr'><strong>pe-</strong></span> <span class='ocrx_word' id='word_1_310' title='bbox 1945 3051 1978 3094; x_wconf 80' lang='lat'><strong>2⁵</strong></span> 
     </span>
     <span class='ocr_line' id='line_1_28' title="bbox 292 3138 414 3225; baseline 0 -21"><span class='ocrx_word' id='word_1_311' title='bbox 292 3138 414 3225; x_wconf 89' lang='lat' dir='ltr'><strong>pendit.</strong></span> 
     </span>
    </p>
   </div>
   <div class='ocr_carea' id='block_1_6' title="bbox 157 3255 1976 3865">
    <p class='ocr_par' dir='ltr' id='par_1_7' title="bbox 157 3255 1976 3865">
     <span class='ocr_line' id='line_1_29' title="bbox 157 3255 1926 3344; baseline -0.005 -14"><span class='ocrx_word' id='word_1_312' title='bbox 157 3264 270 3330; x_wconf 89' lang='lat' dir='ltr'>XXXI</span> <span class='ocrx_word' id='word_1_313' title='bbox 386 3259 447 3344; x_wconf 85' lang='grc'>(73)</span> <span class='ocrx_word' id='word_1_314' title='bbox 473 3259 638 3324; x_wconf 90' lang='lat' dir='ltr'><strong>Inseratur</strong></span> <span class='ocrx_word' id='word_1_315' title='bbox 660 3257 824 3343; x_wconf 84' lang='lat' dir='ltr'><strong>operires</strong></span> <span class='ocrx_word' id='word_1_316' title='bbox 846 3263 914 3324; x_wconf 90' lang='lat' dir='ltr'><strong>tam</strong></span> <span class='ocrx_word' id='word_1_317' title='bbox 937 3257 1036 3344; x_wconf 84' lang='lat' dir='ltr'><strong>digna</strong></span> <span class='ocrx_word' id='word_1_318' title='bbox 1057 3257 1225 3325; x_wconf 92' lang='lat' dir='ltr'><strong>miraculo.</strong></span> <span class='ocrx_word' id='word_1_319' title='bbox 1264 3258 1411 3325; x_wconf 83' lang='lat' dir='ltr'><strong>Floreius</strong></span> <span class='ocrx_word' id='word_1_320' title='bbox 1434 3257 1565 3344; x_wconf 92' lang='lat' dir='ltr'><strong>quidam</strong></span> <span class='ocrx_word' id='word_1_321' title='bbox 1582 3257 1712 3324; x_wconf 89' lang='lat' dir='ltr'><strong>nomine</strong></span> <span class='ocrx_word' id='word_1_322' title='bbox 1728 3257 1821 3323; x_wconf 92' lang='lat' dir='ltr'><strong>homo</strong></span> <span class='ocrx_word' id='word_1_323' title='bbox 1837 3255 1926 3323; x_wconf 90' lang='lat' dir='ltr'><strong>eius-</strong></span> 
     </span>
     <span class='ocr_line' id='line_1_30' title="bbox 293 3361 1925 3449; baseline -0.002 -19"><span class='ocrx_word' id='word_1_324' title='bbox 293 3363 367 3430; x_wconf 88' lang='lat' dir='ltr'><strong>dem</strong></span> <span class='ocrx_word' id='word_1_325' title='bbox 390 3370 522 3430; x_wconf 89' lang='lat' dir='ltr'><strong>sanctee</strong></span> <span class='ocrx_word' id='word_1_326' title='bbox 544 3382 601 3448; x_wconf 92' lang='lat' dir='ltr'><strong>pro</strong></span> <span class='ocrx_word' id='word_1_327' title='bbox 623 3362 801 3449; x_wconf 90' lang='lat' dir='ltr'><strong>piscatione</strong></span> <span class='ocrx_word' id='word_1_328' title='bbox 823 3362 899 3428; x_wconf 92' lang='lat' dir='ltr'><strong>dum</strong></span> <span class='ocrx_word' id='word_1_329' title='bbox 921 3361 955 3427; x_wconf 94' lang='lat' dir='ltr'><strong>in</strong></span> <span class='ocrx_word' id='word_1_330' title='bbox 977 3381 1066 3428; x_wconf 88' lang='lat' dir='ltr'><strong>mare</strong></span> <span class='ocrx_word' id='word_1_331' title='bbox 1090 3369 1261 3448; x_wconf 87' lang='lat' dir='ltr'><strong>satageret,</strong></span> <span class='ocrx_word' id='word_1_332' title='bbox 1289 3364 1398 3430; x_wconf 93' lang='lat' dir='ltr'><strong>oborto</strong></span> <span class='ocrx_word' id='word_1_333' title='bbox 1420 3369 1588 3430; x_wconf 87' lang='lat' dir='ltr'><strong>ventomm</strong></span> <span class='ocrx_word' id='word_1_334' title='bbox 1608 3361 1745 3444; x_wconf 91' lang='lat' dir='ltr'><strong>turbine,</strong></span> <span class='ocrx_word' id='word_1_335' title='bbox 1770 3361 1925 3427; x_wconf 90' lang='lat' dir='ltr'><strong>fluctuum</strong></span> 
     </span>
     <span class='ocr_line' id='line_1_31' title="bbox 293 3463 1926 3553; baseline -0.004 -18"><span class='ocrx_word' id='word_1_336' title='bbox 293 3471 444 3553; x_wconf 90' lang='lat' dir='ltr'><strong>surgente</strong></span> <span class='ocrx_word' id='word_1_337' title='bbox 473 3468 557 3534; x_wconf 91' lang='lat' dir='ltr'><strong>mole</strong></span> <span class='ocrx_word' id='word_1_338' title='bbox 587 3472 734 3533; x_wconf 88' lang='lat' dir='ltr'><strong>nectam</strong></span> <span class='ocrx_word' id='word_1_339' title='bbox 757 3472 857 3532; x_wconf 89' lang='lat' dir='ltr'><strong>nauta</strong></span> <span class='ocrx_word' id='word_1_340' title='bbox 879 3465 1061 3533; x_wconf 87' lang='lat' dir='ltr'><strong>sentinante</strong></span> <span class='ocrx_word' id='word_1_341' title='bbox 1083 3486 1178 3551; x_wconf 91' lang='lat' dir='ltr'><strong>quam</strong></span> <span class='ocrx_word' id='word_1_342' title='bbox 1202 3466 1290 3533; x_wconf 89' lang='lat' dir='ltr'><strong>unda</strong></span> <span class='ocrx_word' id='word_1_343' title='bbox 1312 3473 1581 3552; x_wconf 84' lang='lat' dir='ltr'><strong>supervergente,</strong></span> <span class='ocrx_word' id='word_1_344' title='bbox 1616 3487 1688 3533; x_wconf 89' lang='lat' dir='ltr'><strong>curn</strong></span> <span class='ocrx_word' id='word_1_345' title='bbox 1710 3464 1804 3531; x_wconf 80' lang='lat' dir='ltr'><strong>navIs</strong></span> <span class='ocrx_word' id='word_1_346' title='bbox 1825 3463 1926 3550; x_wconf 90' lang='lat' dir='ltr'><strong>plena</strong></span> 
     </span>
     <span class='ocr_line' id='line_1_32' title="bbox 292 3569 1976 3655; baseline -0.004 -16"><span class='ocrx_word' id='word_1_347' title='bbox 292 3573 528 3655; x_wconf 88' lang='lat' dir='ltr'><strong>submergeret,</strong></span> <span class='ocrx_word' id='word_1_348' title='bbox 563 3570 597 3636; x_wconf 93' lang='lat' dir='ltr'><strong>in</strong></span> <span class='ocrx_word' id='word_1_349' title='bbox 626 3569 829 3637; x_wconf 89' lang='lat' dir='ltr'><strong>extremitate</strong></span> <span class='ocrx_word' id='word_1_350' title='bbox 858 3571 992 3636; x_wconf 88' lang='lat' dir='ltr'><strong>clamat:</strong></span> <span class='ocrx_word' id='word_1_351' title='bbox 1028 3571 1148 3636; x_wconf 89' lang='lat' dir='ltr'><strong>Sancta</strong></span> <span class='ocrx_word' id='word_1_352' title='bbox 1169 3570 1392 3655; x_wconf 87' lang='lat' dir='ltr'><strong>Radegundis,</strong></span> <span class='ocrx_word' id='word_1_353' title='bbox 1427 3572 1504 3637; x_wconf 92' lang='lat' dir='ltr'><strong>dum</strong></span> <span class='ocrx_word' id='word_1_354' title='bbox 1533 3570 1592 3638; x_wconf 90' lang='lat' dir='ltr'><strong>tibi</strong></span> <span class='ocrx_word' id='word_1_355' title='bbox 1620 3569 1824 3651; x_wconf 88' lang='lat' dir='ltr'><strong>oboedimus,</strong></span> <span class='ocrx_word' id='word_1_356' title='bbox 1858 3587 1924 3634; x_wconf 93' lang='lat' dir='ltr'><strong>non</strong></span> <span class='ocrx_word' id='word_1_357' title='bbox 1945 3589 1976 3632; x_wconf 87' lang='lat' dir='ltr'><strong>ac</strong></span> 
     </span>
     <span class='ocr_line' id='line_1_33' title="bbox 292 3661 1920 3761; baseline -0.003 -19"><span class='ocrx_word' id='word_1_358' title='bbox 292 3674 498 3744; x_wconf 92' lang='lat' dir='ltr'><strong>subsidamus</strong></span> <span class='ocrx_word' id='word_1_359' title='bbox 527 3673 715 3759; x_wconf 89' lang='lat' dir='ltr'><strong>naufragio,</strong></span> <span class='ocrx_word' id='word_1_360' title='bbox 749 3674 808 3739; x_wconf 94' lang='lat' dir='ltr'><strong>sed</strong></span> <span class='ocrx_word' id='word_1_361' title='bbox 837 3673 944 3740; x_wconf 91' lang='lat' dir='ltr'><strong>obtine</strong></span> <span class='ocrx_word' id='word_1_362' title='bbox 974 3661 1069 3758; x_wconf 81' lang='lat' dir='ltr'><strong>apud¹</strong></span> <span class='ocrx_word' id='word_1_363' title='bbox 1092 3674 1204 3758; x_wconf 86' lang='lat' dir='ltr'><strong>deum,</strong></span> <span class='ocrx_word' id='word_1_364' title='bbox 1238 3681 1273 3740; x_wconf 93' lang='lat' dir='ltr'><strong>ut</strong></span> <span class='ocrx_word' id='word_1_365' title='bbox 1295 3675 1470 3742; x_wconf 89' lang='lat' dir='ltr'><strong>liberemur</strong></span> <span class='ocrx_word' id='word_1_366' title='bbox 1491 3674 1532 3741; x_wconf 92' lang='lat' dir='ltr'><strong>de</strong></span> <span class='ocrx_word' id='word_1_367' title='bbox 1554 3675 1684 3761; x_wconf 89' lang='lat' dir='ltr'><strong>pelago.</strong></span> <span class='ocrx_word' id='word_1_368' title='bbox 1731 3671 1802 3750; x_wconf 82' lang='lat' dir='ltr'><strong>Quo</strong></span> <span class='ocrx_word' id='word_1_369' title='bbox 1824 3670 1920 3756; x_wconf 91' lang='lat' dir='ltr'><strong>dicto,</strong></span> 
     </span>
     <span class='ocr_line' id='line_1_34' title="bbox 291 3776 1552 3865; baseline -0.002 -18"><span class='ocrx_word' id='word_1_370' title='bbox 291 3801 365 3847; x_wconf 87' lang='lat' dir='ltr'><strong>mox</strong></span> <span class='ocrx_word' id='word_1_371' title='bbox 387 3779 501 3864; x_wconf 85' lang='lat' dir='ltr'><strong>fugata</strong></span> <span class='ocrx_word' id='word_1_372' title='bbox 521 3779 618 3862; x_wconf 94' lang='lat' dir='ltr'><strong>nube,</strong></span> <span class='ocrx_word' id='word_1_373' title='bbox 645 3776 772 3844; x_wconf 85' lang='lat' dir='ltr'><strong>reddita</strong></span> <span class='ocrx_word' id='word_1_374' title='bbox 794 3777 976 3859; x_wconf 88' lang='lat' dir='ltr'><strong>serenitate,</strong></span> <span class='ocrx_word' id='word_1_375' title='bbox 1004 3777 1092 3844; x_wconf 87' lang='lat' dir='ltr'><strong>unda</strong></span> <span class='ocrx_word' id='word_1_376' title='bbox 1113 3777 1259 3860; x_wconf 89' lang='lat' dir='ltr'><strong>cadente,</strong></span> <span class='ocrx_word' id='word_1_377' title='bbox 1286 3799 1382 3865; x_wconf 89' lang='lat' dir='ltr'><strong>prora</strong></span> <span class='ocrx_word' id='word_1_378' title='bbox 1405 3778 1552 3845; x_wconf 87' lang='lat' dir='ltr'><strong>surrexit.</strong></span> 
     </span>
    </p>
   </div>
   <div class='ocr_carea' id='block_1_7' title="bbox 140 3885 1974 4192">
    <p class='ocr_par' dir='ltr' id='par_1_8' title="bbox 140 3885 1974 4192">
     <span class='ocr_line' id='line_1_35' title="bbox 140 3885 1923 3986; baseline 0 -22"><span class='ocrx_word' id='word_1_379' title='bbox 140 3905 272 3973; x_wconf 81' lang='lat' dir='ltr'><strong>XXXII·</strong></span> <span class='ocrx_word' id='word_1_380' title='bbox 382 3900 445 3986; x_wconf 88' lang='grc'>(74)</span> <span class='ocrx_word' id='word_1_381' title='bbox 472 3899 566 3966; x_wconf 78' lang='lat' dir='ltr'><strong>Goda</strong></span> <span class='ocrx_word' id='word_1_382' title='bbox 594 3899 707 3984; x_wconf 92' lang='lat' dir='ltr'><strong>puella</strong></span> <span class='ocrx_word' id='word_1_383' title='bbox 728 3898 904 3966; x_wconf 88' lang='lat' dir='ltr'><strong>saecularis</strong></span> <span class='ocrx_word' id='word_1_384' title='bbox 926 3905 999 3984; x_wconf 91' lang='lat' dir='ltr'><strong>post</strong></span> <span class='ocrx_word' id='word_1_385' title='bbox 1021 3899 1083 3966; x_wconf 90' lang='lat' dir='ltr'><strong>deo</strong></span> <span class='ocrx_word' id='word_1_386' title='bbox 1106 3900 1263 3966; x_wconf 88' lang='lat' dir='ltr'><strong>monacha</strong></span> <span class='ocrx_word' id='word_1_387' title='bbox 1284 3885 1447 3986; x_wconf 84' lang='lat' dir='ltr'><strong>serviens,</strong></span> <span class='ocrx_word' id='word_1_388' title='bbox 1479 3900 1556 3968; x_wconf 93' lang='lat' dir='ltr'><strong>dum</strong></span> <span class='ocrx_word' id='word_1_389' title='bbox 1577 3901 1674 3986; x_wconf 90' lang='lat' dir='ltr'><strong>longo</strong></span> <span class='ocrx_word' id='word_1_390' title='bbox 1697 3901 1757 3966; x_wconf 87' lang='lat' dir='ltr'><strong>sub</strong></span> <span class='ocrx_word' id='word_1_391' title='bbox 1779 3903 1923 3983; x_wconf 90' lang='lat' dir='ltr'><strong>tempore</strong></span> 
     </span>
     <span class='ocr_line' id='line_1_36' title="bbox 291 4001 1923 4092; baseline -0.002 -22"><span class='ocrx_word' id='word_1_392' title='bbox 291 4004 376 4071; x_wconf 88' lang='lat' dir='ltr'><strong>lecto</strong></span> <span class='ocrx_word' id='word_1_393' title='bbox 398 4001 516 4070; x_wconf 90' lang='lat' dir='ltr'><strong>flebilis</strong></span> <span class='ocrx_word' id='word_1_394' title='bbox 538 4001 715 4070; x_wconf 88' lang='lat' dir='ltr'><strong>decubaret</strong></span> <span class='ocrx_word' id='word_1_395' title='bbox 736 4009 768 4069; x_wconf 92' lang='lat' dir='ltr'><strong>et</strong></span> <span class='ocrx_word' id='word_1_396' title='bbox 789 4002 926 4088; x_wconf 89' lang='lat' dir='ltr'><strong>inpenso</strong></span> <span class='ocrx_word' id='word_1_397' title='bbox 948 4003 1049 4069; x_wconf 90' lang='lat' dir='ltr'><strong>multo</strong></span> <span class='ocrx_word' id='word_1_398' title='bbox 1072 4002 1286 4073; x_wconf 91' lang='lat' dir='ltr'><strong>medicamine</strong></span> <span class='ocrx_word' id='word_1_399' title='bbox 1308 4005 1382 4092; x_wconf 87' lang='lat' dir='ltr'><strong>plus</strong></span> <span class='ocrx_word' id='word_1_400' title='bbox 1404 4004 1585 4090; x_wconf 90' lang='lat' dir='ltr'><strong>langueret,</strong></span> <span class='ocrx_word' id='word_1_401' title='bbox 1611 4004 1698 4070; x_wconf 86' lang='lat' dir='ltr'><strong>iacta</strong></span> <span class='ocrx_word' id='word_1_402' title='bbox 1719 4002 1857 4069; x_wconf 89' lang='lat' dir='ltr'><strong>candela</strong></span> <span class='ocrx_word' id='word_1_403' title='bbox 1878 4001 1923 4067; x_wconf 90' lang='lat' dir='ltr'><strong>ad</strong></span> 
     </span>
     <span class='ocr_line' id='line_1_37' title="bbox 291 4105 1974 4192; baseline -0.003 -20"><span class='ocrx_word' id='word_1_404' title='bbox 291 4124 474 4174; x_wconf 87' lang='lat' dir='ltr'><strong>mensuram</strong></span> <span class='ocrx_word' id='word_1_405' title='bbox 497 4125 576 4173; x_wconf 92' lang='lat' dir='ltr'><strong>suae</strong></span> <span class='ocrx_word' id='word_1_406' title='bbox 599 4111 757 4192; x_wconf 88' lang='lat' dir='ltr'><strong>staturae,</strong></span> <span class='ocrx_word' id='word_1_407' title='bbox 783 4106 912 4174; x_wconf 92' lang='lat' dir='ltr'><strong>domino</strong></span> <span class='ocrx_word' id='word_1_408' title='bbox 935 4106 1110 4175; x_wconf 90' lang='lat' dir='ltr'><strong>miserante</strong></span> <span class='ocrx_word' id='word_1_409' title='bbox 1131 4107 1316 4175; x_wconf 91' lang='lat' dir='ltr'><strong>innomine</strong></span> <span class='ocrx_word' id='word_1_410' title='bbox 1339 4115 1471 4176; x_wconf 86' lang='lat' dir='ltr'><strong>sanctae</strong></span> <span class='ocrx_word' id='word_1_411' title='bbox 1493 4108 1648 4192; x_wconf 85' lang='lat' dir='ltr'><strong>feminae,</strong></span> <span class='ocrx_word' id='word_1_412' title='bbox 1676 4127 1740 4192; x_wconf 92' lang='lat' dir='ltr'><strong>qua</strong></span> <span class='ocrx_word' id='word_1_413' title='bbox 1762 4106 1841 4172; x_wconf 89' lang='lat' dir='ltr'><strong>hora</strong></span> <span class='ocrx_word' id='word_1_414' title='bbox 1863 4105 1922 4174; x_wconf 85' lang='lat' dir='ltr'><strong>fri-</strong></span> <span class='ocrx_word' id='word_1_415' title='bbox 1942 4126 1974 4168; x_wconf 82' lang='lat' dir='ltr'><strong>ss</strong></span> 
     </span>
    </p>
   </div>
   <div class='ocr_carea' id='block_1_8' title="bbox 289 4417 1922 5713">
    <p class='ocr_par' dir='ltr' id='par_1_9' title="bbox 289 4417 1922 5713">
     <span class='ocr_line' id='line_1_38' title="bbox 381 4417 1889 4490; baseline -0.001 -18"><span class='ocrx_word' id='word_1_416' title='bbox 381 4420 393 4472; x_wconf 89' lang='lat'>1</span> <span class='ocrx_word' id='word_1_417' title='bbox 413 4423 490 4483; x_wconf 78' lang='lat' dir='ltr'><strong>tulgtt</strong></span> <span class='ocrx_word' id='word_1_418' title='bbox 509 4420 541 4469; x_wconf 87' lang='lat' dir='ltr'><strong>P¹</strong></span> <span class='ocrx_word' id='word_1_419' title='bbox 680 4419 696 4470; x_wconf 91' lang='grc'><strong>2</strong></span> <span class='ocrx_word' id='word_1_420' title='bbox 714 4425 744 4470; x_wconf 90' lang='lat' dir='ltr'><strong>ut</strong></span> <span class='ocrx_word' id='word_1_421' title='bbox 762 4417 850 4490; x_wconf 87' lang='lat' dir='ltr'><strong>tracta]</strong></span> <span class='ocrx_word' id='word_1_422' title='bbox 868 4422 896 4472; x_wconf 87' lang='lat' dir='ltr'><strong>In</strong></span> <span class='ocrx_word' id='word_1_423' title='bbox 914 4425 993 4474; x_wconf 82' lang='lat' dir='ltr'><strong>tracta</strong></span> <span class='ocrx_word' id='word_1_424' title='bbox 1012 4423 1041 4471; x_wconf 96' lang='grc' dir='ltr'><em>Μ</em></span> <span class='ocrx_word' id='word_1_425' title='bbox 1178 4422 1194 4474; x_wconf 88' lang='grc'>3</span> <span class='ocrx_word' id='word_1_426' title='bbox 1212 4423 1338 4474; x_wconf 81' lang='lat' dir='ltr'><strong>tralllndts</strong></span> <span class='ocrx_word' id='word_1_427' title='bbox 1357 4425 1386 4489; x_wconf 77' lang='lat' dir='ltr'><strong>L,</strong></span> <span class='ocrx_word' id='word_1_428' title='bbox 1414 4423 1535 4474; x_wconf 80' lang='lat' dir='ltr'><strong>lrlafledla</strong></span> <span class='ocrx_word' id='word_1_429' title='bbox 1554 4425 1578 4473; x_wconf 89' lang='grc' dir='ltr'><em>Ε</em></span> <span class='ocrx_word' id='word_1_430' title='bbox 1714 4419 1777 4490; x_wconf 84' lang='lat' dir='ltr'><strong>tam]</strong></span> <span class='ocrx_word' id='word_1_431' title='bbox 1795 4435 1843 4473; x_wconf 76' lang='lat' dir='ltr'><strong>orn.</strong></span> <span class='ocrx_word' id='word_1_432' title='bbox 1868 4423 1889 4470; x_wconf 81' lang='grc'><strong>2·</strong></span> 
     </span>
     <span class='ocr_line' id='line_1_39' title="bbox 292 4505 1919 4577; baseline -0.001 -16"><span class='ocrx_word' id='word_1_433' title='bbox 292 4505 395 4577; x_wconf 83' lang='lat' dir='ltr'><strong>suedas]</strong></span> <span class='ocrx_word' id='word_1_434' title='bbox 415 4509 473 4572; x_wconf 77' lang='grc' dir='ltr'><strong>ΜΕ,</strong></span> <span class='ocrx_word' id='word_1_435' title='bbox 493 4507 599 4560; x_wconf 78' lang='lat' dir='ltr'><strong>suaedas</strong></span> <span class='ocrx_word' id='word_1_436' title='bbox 616 4508 673 4570; x_wconf 78' lang='lat' dir='ltr'><strong>Pu,</strong></span> <span class='ocrx_word' id='word_1_437' title='bbox 693 4521 742 4560; x_wconf 86' lang='lat' dir='ltr'><strong>orn.</strong></span> <span class='ocrx_word' id='word_1_438' title='bbox 764 4509 819 4572; x_wconf 82' lang='grc' dir='ltr'><strong>ΕΤ,</strong></span> <span class='ocrx_word' id='word_1_439' title='bbox 839 4509 874 4570; x_wconf 77' lang='lat' dir='ltr'><strong>cs.</strong></span> <span class='ocrx_word' id='word_1_440' title='bbox 895 4523 971 4572; x_wconf 77' lang='lat' dir='ltr'><strong>capra</strong></span> <span class='ocrx_word' id='word_1_441' title='bbox 987 4525 1014 4572; x_wconf 85' lang='lat' dir='ltr'><strong>p.</strong></span> <span class='ocrx_word' id='word_1_442' title='bbox 1035 4513 1076 4574; x_wconf 74' lang='grc'><strong>42,</strong></span> <span class='ocrx_word' id='word_1_443' title='bbox 1099 4513 1132 4560; x_wconf 79' lang='lat'><strong>18</strong></span> <span class='ocrx_word' id='word_1_444' title='bbox 1248 4510 1263 4560; x_wconf 81' lang='lat'>5</span> <span class='ocrx_word' id='word_1_445' title='bbox 1281 4513 1401 4562; x_wconf 83' lang='lat' dir='ltr'><strong>laminam</strong></span> <span class='ocrx_word' id='word_1_446' title='bbox 1421 4510 1453 4559; x_wconf 80' lang='grc' dir='ltr'><strong>Ρι</strong></span> <span class='ocrx_word' id='word_1_447' title='bbox 1568 4512 1666 4561; x_wconf 88' lang='lat' dir='ltr'><strong>letlbllc</strong></span> <span class='ocrx_word' id='word_1_448' title='bbox 1686 4510 1735 4575; x_wconf 75' lang='lat' dir='ltr'><strong>ed,</strong></span> <span class='ocrx_word' id='word_1_449' title='bbox 1753 4510 1847 4560; x_wconf 90' lang='lat' dir='ltr'><strong>leubilo</strong></span> <span class='ocrx_word' id='word_1_450' title='bbox 1865 4509 1919 4572; x_wconf 80' lang='lat' dir='ltr'><strong>Pa,</strong></span> 
     </span>
     <span class='ocr_line' id='line_1_40' title="bbox 290 4595 1922 4665; baseline -0.001 -18"><span class='ocrx_word' id='word_1_451' title='bbox 290 4597 424 4647; x_wconf 80' lang='lat' dir='ltr'><strong>leobtlab</strong></span> <span class='ocrx_word' id='word_1_452' title='bbox 564 4597 591 4644; x_wconf 89' lang='lat' dir='ltr'><strong>ln</strong></span> <span class='ocrx_word' id='word_1_453' title='bbox 609 4610 685 4645; x_wconf 73' lang='lat' dir='ltr'><strong>ruere</strong></span> <span class='ocrx_word' id='word_1_454' title='bbox 703 4595 730 4657; x_wconf 91' lang='lat' dir='ltr'><strong>P,</strong></span> <span class='ocrx_word' id='word_1_455' title='bbox 752 4597 823 4646; x_wconf 89' lang='lat' dir='ltr'><strong>irrue</strong></span> <span class='ocrx_word' id='word_1_456' title='bbox 842 4595 891 4661; x_wconf 72' lang='grc' dir='ltr'><strong>Μῑ,</strong></span> <span class='ocrx_word' id='word_1_457' title='bbox 910 4597 1022 4646; x_wconf 89' lang='lat' dir='ltr'><strong>irruente</strong></span> <span class='ocrx_word' id='word_1_458' title='bbox 1041 4595 1084 4646; x_wconf 79' lang='lat' dir='ltr'><strong>m</strong></span> <span class='ocrx_word' id='word_1_459' title='bbox 1177 4617 1183 4629; x_wconf 93' lang='lat'>·</span> <span class='ocrx_word' id='word_1_460' title='bbox 1231 4598 1295 4648; x_wconf 79' lang='lat' dir='ltr'><strong>(tab</strong></span> <span class='ocrx_word' id='word_1_461' title='bbox 1314 4595 1468 4665; x_wconf 85' lang='lat' dir='ltr'><strong>aduersario]</strong></span> <span class='ocrx_word' id='word_1_462' title='bbox 1486 4599 1628 4648; x_wconf 86' lang='lat' dir='ltr'><strong>aduersatlo</strong></span> <span class='ocrx_word' id='word_1_463' title='bbox 1647 4597 1695 4661; x_wconf 70' lang='lat' dir='ltr'><strong>m,</strong></span> <span class='ocrx_word' id='word_1_464' title='bbox 1715 4598 1860 4648; x_wconf 77' lang='lat' dir='ltr'><strong>aduerudo</strong></span> <span class='ocrx_word' id='word_1_465' title='bbox 1877 4595 1922 4646; x_wconf 68' lang='lat' dir='ltr'><strong>M²</strong></span> 
     </span>
     <span class='ocr_line' id='line_1_41' title="bbox 291 4680 1921 4749; baseline -0.001 -14"><span class='ocrx_word' id='word_1_466' title='bbox 291 4684 306 4735; x_wconf 81' lang='grc' dir='ltr'>θ</span> <span class='ocrx_word' id='word_1_467' title='bbox 325 4685 457 4733; x_wconf 88' lang='lat' dir='ltr'><strong>liberatam</strong></span> <span class='ocrx_word' id='word_1_468' title='bbox 469 4681 518 4730; x_wconf 82' lang='grc' dir='ltr'><strong>ΜΘ</strong></span> <span class='ocrx_word' id='word_1_469' title='bbox 624 4680 639 4732; x_wconf 89' lang='grc'>9</span> <span class='ocrx_word' id='word_1_470' title='bbox 658 4683 785 4745; x_wconf 78' lang='lat' dir='ltr'><strong>profertur</strong></span> <span class='ocrx_word' id='word_1_471' title='bbox 796 4683 842 4731; x_wconf 79' lang='grc' dir='ltr'><strong>ΕΕ</strong></span> <span class='ocrx_word' id='word_1_472' title='bbox 944 4686 971 4733; x_wconf 81' lang='lat' dir='ltr'><strong>ln</strong></span> <span class='ocrx_word' id='word_1_473' title='bbox 983 4685 1114 4748; x_wconf 87' lang='lat' dir='ltr'><strong>populum,</strong></span> <span class='ocrx_word' id='word_1_474' title='bbox 1135 4699 1254 4746; x_wconf 64' lang='lat' dir='ltr'><strong>asperam.</strong></span> <span class='ocrx_word' id='word_1_475' title='bbox 1268 4684 1280 4734; x_wconf 83' lang='lat' dir='ltr'><strong>l</strong></span> <span class='ocrx_word' id='word_1_476' title='bbox 1292 4687 1319 4734; x_wconf 89' lang='lat' dir='ltr'><strong>tn</strong></span> <span class='ocrx_word' id='word_1_477' title='bbox 1331 4686 1463 4749; x_wconf 86' lang='lat' dir='ltr'><strong>puplicum</strong></span> <span class='ocrx_word' id='word_1_478' title='bbox 1475 4685 1506 4747; x_wconf 89' lang='lat' dir='ltr'><strong>P,</strong></span> <span class='ocrx_word' id='word_1_479' title='bbox 1525 4687 1552 4734; x_wconf 91' lang='lat' dir='ltr'><strong>in</strong></span> <span class='ocrx_word' id='word_1_480' title='bbox 1564 4687 1695 4748; x_wconf 84' lang='lat' dir='ltr'><strong>publicum</strong></span> <span class='ocrx_word' id='word_1_481' title='bbox 1707 4683 1735 4733; x_wconf 94' lang='grc' dir='ltr'><em>Μ</em></span> <span class='ocrx_word' id='word_1_482' title='bbox 1838 4699 1854 4732; x_wconf 84' lang='lat' dir='ltr'><strong>a</strong></span> <span class='ocrx_word' id='word_1_483' title='bbox 1865 4699 1921 4734; x_wconf 92' lang='lat' dir='ltr'><strong>me-</strong></span> 
     </span>
     <span class='ocr_line' id='line_1_42' title="bbox 292 4767 1918 4838; baseline 0 -19"><span class='ocrx_word' id='word_1_484' title='bbox 292 4771 372 4820; x_wconf 85' lang='lat' dir='ltr'><strong>nacba</strong></span> <span class='ocrx_word' id='word_1_485' title='bbox 385 4774 460 4832; x_wconf 78' lang='lat' dir='ltr'><strong>ceput</strong></span> <span class='ocrx_word' id='word_1_486' title='bbox 473 4773 560 4832; x_wconf 78' lang='lat' dir='ltr'><strong>incipit</strong></span> <span class='ocrx_word' id='word_1_487' title='bbox 572 4769 618 4818; x_wconf 80' lang='lat' dir='ltr'><strong>LE</strong></span> <span class='ocrx_word' id='word_1_488' title='bbox 722 4768 754 4819; x_wconf 87' lang='grc'><strong>12</strong></span> <span class='ocrx_word' id='word_1_489' title='bbox 772 4771 852 4832; x_wconf 87' lang='lat' dir='ltr'><strong>Ipsam</strong></span> <span class='ocrx_word' id='word_1_490' title='bbox 865 4767 1000 4838; x_wconf 85' lang='lat' dir='ltr'><strong>aegrotam]</strong></span> <span class='ocrx_word' id='word_1_491' title='bbox 1013 4775 1039 4820; x_wconf 91' lang='lat' dir='ltr'><strong>et</strong></span> <span class='ocrx_word' id='word_1_492' title='bbox 1051 4786 1134 4834; x_wconf 80' lang='lat' dir='ltr'><strong>egram</strong></span> <span class='ocrx_word' id='word_1_493' title='bbox 1146 4771 1262 4836; x_wconf 76' lang='lat' dir='ltr'><strong>Ipsami&#39;</strong></span> <span class='ocrx_word' id='word_1_494' title='bbox 1354 4773 1417 4828; x_wconf 78' lang='lat' dir='ltr'><strong>lecit</strong></span> <span class='ocrx_word' id='word_1_495' title='bbox 1430 4771 1500 4821; x_wconf 76' lang='lat' dir='ltr'><strong>Lus</strong></span> <span class='ocrx_word' id='word_1_496' title='bbox 1598 4773 1686 4822; x_wconf 86' lang='lat' dir='ltr'><strong>cellam</strong></span> <span class='ocrx_word' id='word_1_497' title='bbox 1699 4772 1755 4834; x_wconf 85' lang='lat' dir='ltr'><strong>PM,</strong></span> <span class='ocrx_word' id='word_1_498' title='bbox 1771 4769 1918 4834; x_wconf 72' lang='lat' dir='ltr'><strong>cellulaltil</strong></span> 
     </span>
     <span class='ocr_line' id='line_1_43' title="bbox 292 4853 1921 4927; baseline -0.002 -18"><span class='ocrx_word' id='word_1_499' title='bbox 292 4858 323 4910; x_wconf 82' lang='lat'><strong>13</strong></span> <span class='ocrx_word' id='word_1_500' title='bbox 341 4863 426 4922; x_wconf 88' lang='lat' dir='ltr'><strong>tapete</strong></span> <span class='ocrx_word' id='word_1_501' title='bbox 446 4857 499 4922; x_wconf 77' lang='grc' dir='ltr'><strong>ΕΕ,</strong></span> <span class='ocrx_word' id='word_1_502' title='bbox 520 4857 606 4920; x_wconf 84' lang='lat' dir='ltr'><strong>tepida</strong></span> <span class='ocrx_word' id='word_1_503' title='bbox 623 4871 688 4919; x_wconf 85' lang='lat' dir='ltr'><strong>aqua</strong></span> <span class='ocrx_word' id='word_1_504' title='bbox 710 4856 731 4905; x_wconf 80' lang='grc'><strong>2·</strong></span> <span class='ocrx_word' id='word_1_505' title='bbox 833 4853 896 4924; x_wconf 87' lang='lat' dir='ltr'><strong>sola]</strong></span> <span class='ocrx_word' id='word_1_506' title='bbox 914 4873 964 4908; x_wconf 87' lang='lat' dir='ltr'><strong>om.</strong></span> <span class='ocrx_word' id='word_1_507' title='bbox 988 4858 1010 4906; x_wconf 78' lang='grc'><strong>2·</strong></span> <span class='ocrx_word' id='word_1_508' title='bbox 1125 4858 1157 4909; x_wconf 79' lang='lat' dir='ltr'><strong>ll</strong></span> <span class='ocrx_word' id='word_1_509' title='bbox 1173 4861 1253 4909; x_wconf 78' lang='lat' dir='ltr'><strong>torma</strong></span> <span class='ocrx_word' id='word_1_510' title='bbox 1271 4861 1378 4922; x_wconf 83' lang='lat' dir='ltr'><strong>corporis</strong></span> <span class='ocrx_word' id='word_1_511' title='bbox 1397 4857 1427 4908; x_wconf 85' lang='grc' dir='ltr'><em>Μ</em></span> <span class='ocrx_word' id='word_1_512' title='bbox 1542 4859 1573 4910; x_wconf 84' lang='grc'><strong>15</strong></span> <span class='ocrx_word' id='word_1_513' title='bbox 1591 4857 1634 4927; x_wconf 87' lang='lat' dir='ltr'><strong>ad]</strong></span> <span class='ocrx_word' id='word_1_514' title='bbox 1652 4873 1700 4910; x_wconf 83' lang='lat' dir='ltr'><strong>om.</strong></span> <span class='ocrx_word' id='word_1_515' title='bbox 1721 4859 1742 4906; x_wconf 83' lang='lat' dir='ltr'><em>G</em></span> <span class='ocrx_word' id='word_1_516' title='bbox 1846 4857 1921 4920; x_wconf 88' lang='lat' dir='ltr'><strong>plau-</strong></span> 
     </span>
     <span class='ocr_line' id='line_1_44' title="bbox 290 4942 1921 5016; baseline -0.001 -21"><span class='ocrx_word' id='word_1_517' title='bbox 290 4952 329 4995; x_wconf 86' lang='lat' dir='ltr'><strong>tas</strong></span> <span class='ocrx_word' id='word_1_518' title='bbox 346 4947 460 4996; x_wconf 77' lang='lat' dir='ltr'><strong>infirmae</strong></span> <span class='ocrx_word' id='word_1_519' title='bbox 478 4944 526 4992; x_wconf 77' lang='lat' dir='ltr'><strong>LII</strong></span> <span class='ocrx_word' id='word_1_520' title='bbox 646 4942 737 4992; x_wconf 86' lang='lat' dir='ltr'><strong>delude</strong></span> <span class='ocrx_word' id='word_1_521' title='bbox 756 4957 813 4994; x_wconf 91' lang='lat' dir='ltr'><strong>curn</strong></span> <span class='ocrx_word' id='word_1_522' title='bbox 833 4943 870 5008; x_wconf 87' lang='grc' dir='ltr'><strong>Μ,</strong></span> <span class='ocrx_word' id='word_1_523' title='bbox 889 4944 946 4993; x_wconf 89' lang='lat' dir='ltr'><strong>deln</strong></span> <span class='ocrx_word' id='word_1_524' title='bbox 966 4959 1016 5008; x_wconf 90' lang='lat' dir='ltr'><strong>quo</strong></span> <span class='ocrx_word' id='word_1_525' title='bbox 1036 4944 1058 4993; x_wconf 78' lang='grc' dir='ltr'><em>Τ</em></span> <span class='ocrx_word' id='word_1_526' title='bbox 1186 4945 1217 4996; x_wconf 91' lang='grc'><strong>16</strong></span> <span class='ocrx_word' id='word_1_527' title='bbox 1235 4943 1314 5013; x_wconf 88' lang='lat' dir='ltr'><strong>dolor]</strong></span> <span class='ocrx_word' id='word_1_528' title='bbox 1333 4960 1380 4998; x_wconf 88' lang='lat' dir='ltr'><strong>em.</strong></span> <span class='ocrx_word' id='word_1_529' title='bbox 1403 4945 1432 4994; x_wconf 98' lang='grc' dir='ltr'><em>Μ</em></span> <span class='ocrx_word' id='word_1_530' title='bbox 1551 4945 1589 5016; x_wconf 91' lang='lat' dir='ltr'><strong>et]</strong></span> <span class='ocrx_word' id='word_1_531' title='bbox 1606 4961 1655 4997; x_wconf 89' lang='lat' dir='ltr'><strong>cm.</strong></span> <span class='ocrx_word' id='word_1_532' title='bbox 1675 4947 1723 4995; x_wconf 76' lang='grc' dir='ltr'><strong>ΕΕ</strong></span> <span class='ocrx_word' id='word_1_533' title='bbox 1843 4943 1921 5014; x_wconf 90' lang='lat' dir='ltr'><strong>duae]</strong></span> 
     </span>
     <span class='ocr_line' id='line_1_45' title="bbox 290 5027 1919 5099; baseline 0 -18"><span class='ocrx_word' id='word_1_534' title='bbox 290 5033 333 5082; x_wconf 80' lang='lat' dir='ltr'><strong>diu</strong></span> <span class='ocrx_word' id='word_1_535' title='bbox 353 5031 384 5080; x_wconf 92' lang='grc' dir='ltr'><em>Μ</em></span> <span class='ocrx_word' id='word_1_536' title='bbox 401 5057 404 5063; x_wconf 87' lang='grc'><strong><em>·</em></strong></span> <span class='ocrx_word' id='word_1_537' title='bbox 484 5031 516 5080; x_wconf 91' lang='lat' dir='ltr'><strong>de</strong></span> <span class='ocrx_word' id='word_1_538' title='bbox 533 5027 632 5098; x_wconf 86' lang='lat' dir='ltr'><strong>tepida]</strong></span> <span class='ocrx_word' id='word_1_539' title='bbox 649 5043 699 5079; x_wconf 86' lang='lat' dir='ltr'><strong>orn.</strong></span> <span class='ocrx_word' id='word_1_540' title='bbox 718 5029 749 5093; x_wconf 79' lang='lat' dir='ltr'><strong>L,</strong></span> <span class='ocrx_word' id='word_1_541' title='bbox 770 5030 801 5079; x_wconf 90' lang='lat' dir='ltr'><strong>de</strong></span> <span class='ocrx_word' id='word_1_542' title='bbox 820 5034 905 5092; x_wconf 88' lang='lat' dir='ltr'><strong>tapete</strong></span> <span class='ocrx_word' id='word_1_543' title='bbox 925 5031 948 5078; x_wconf 85' lang='grc' dir='ltr'><em>Ε</em></span> <span class='ocrx_word' id='word_1_544' title='bbox 1070 5031 1101 5084; x_wconf 84' lang='grc'><strong>17</strong></span> <span class='ocrx_word' id='word_1_545' title='bbox 1120 5034 1213 5083; x_wconf 81' lang='lat' dir='ltr'><strong>retecta</strong></span> <span class='ocrx_word' id='word_1_546' title='bbox 1231 5029 1282 5099; x_wconf 89' lang='lat' dir='ltr'><strong>est]</strong></span> <span class='ocrx_word' id='word_1_547' title='bbox 1299 5033 1388 5083; x_wconf 81' lang='lat' dir='ltr'><strong>refecit</strong></span> <span class='ocrx_word' id='word_1_548' title='bbox 1405 5033 1436 5096; x_wconf 77' lang='grc' dir='ltr'><strong>Ε,</strong></span> <span class='ocrx_word' id='word_1_549' title='bbox 1456 5035 1539 5083; x_wconf 83' lang='lat' dir='ltr'><strong>rodolt</strong></span> <span class='ocrx_word' id='word_1_550' title='bbox 1557 5035 1581 5082; x_wconf 84' lang='grc' dir='ltr'><em>Ε</em></span> <span class='ocrx_word' id='word_1_551' title='bbox 1703 5033 1735 5084; x_wconf 84' lang='grc'><strong>18</strong></span> <span class='ocrx_word' id='word_1_552' title='bbox 1754 5037 1866 5097; x_wconf 86' lang='lat' dir='ltr'><strong>speraret</strong></span> <span class='ocrx_word' id='word_1_553' title='bbox 1887 5034 1919 5094; x_wconf 82' lang='lat' dir='ltr'><strong>G,</strong></span> 
     </span>
     <span class='ocr_line' id='line_1_46' title="bbox 290 5115 1886 5188; baseline -0.001 -21"><span class='ocrx_word' id='word_1_554' title='bbox 290 5122 447 5183; x_wconf 75' lang='lat' dir='ltr'><strong>spectaretur</strong></span> <span class='ocrx_word' id='word_1_555' title='bbox 464 5117 511 5167; x_wconf 77' lang='lat' dir='ltr'><strong>ss</strong></span> <span class='ocrx_word' id='word_1_556' title='bbox 613 5116 712 5169; x_wconf 80' lang='lat' dir='ltr'><strong>aanaT</strong></span> <span class='ocrx_word' id='word_1_557' title='bbox 818 5115 849 5168; x_wconf 88' lang='grc'><strong>19</strong></span> <span class='ocrx_word' id='word_1_558' title='bbox 868 5118 966 5181; x_wconf 84' lang='lat' dir='ltr'><strong>deperit</strong></span> <span class='ocrx_word' id='word_1_559' title='bbox 983 5118 1015 5168; x_wconf 93' lang='lat' dir='ltr'><strong>de</strong></span> <span class='ocrx_word' id='word_1_560' title='bbox 1032 5119 1159 5168; x_wconf 72' lang='lat' dir='ltr'><strong>meritoT</strong></span> <span class='ocrx_word' id='word_1_561' title='bbox 1261 5119 1294 5171; x_wconf 88' lang='grc'><strong>20</strong></span> <span class='ocrx_word' id='word_1_562' title='bbox 1312 5121 1430 5170; x_wconf 85' lang='lat' dir='ltr'><strong>rebellem</strong></span> <span class='ocrx_word' id='word_1_563' title='bbox 1448 5121 1584 5170; x_wconf 80' lang='lat' dir='ltr'><strong>bostemI&#39;</strong></span> <span class='ocrx_word' id='word_1_564' title='bbox 1685 5119 1716 5172; x_wconf 88' lang='grc'><strong>21</strong></span> <span class='ocrx_word' id='word_1_565' title='bbox 1737 5117 1775 5188; x_wconf 89' lang='lat' dir='ltr'><strong>se]</strong></span> <span class='ocrx_word' id='word_1_566' title='bbox 1793 5134 1842 5169; x_wconf 83' lang='lat' dir='ltr'><strong>ern.</strong></span> <span class='ocrx_word' id='word_1_567' title='bbox 1857 5118 1886 5166; x_wconf 96' lang='grc' dir='ltr'><em>Μ</em></span> 
     </span>
     <span class='ocr_line' id='line_1_47' title="bbox 291 5201 1886 5276; baseline 0 -22"><span class='ocrx_word' id='word_1_568' title='bbox 291 5203 360 5273; x_wconf 89' lang='lat' dir='ltr'><strong>cum]</strong></span> <span class='ocrx_word' id='word_1_569' title='bbox 379 5219 428 5255; x_wconf 88' lang='lat' dir='ltr'><strong>om.</strong></span> <span class='ocrx_word' id='word_1_570' title='bbox 449 5202 479 5252; x_wconf 87' lang='grc' dir='ltr'><em>Μ</em></span> <span class='ocrx_word' id='word_1_571' title='bbox 581 5209 678 5254; x_wconf 91' lang='lat' dir='ltr'><strong>tumore</strong></span> <span class='ocrx_word' id='word_1_572' title='bbox 696 5202 744 5252; x_wconf 78' lang='lat' dir='ltr'><strong>LE</strong></span> <span class='ocrx_word' id='word_1_573' title='bbox 846 5201 879 5252; x_wconf 86' lang='grc'><strong>22</strong></span> <span class='ocrx_word' id='word_1_574' title='bbox 897 5208 990 5254; x_wconf 88' lang='lat' dir='ltr'><strong>terram</strong></span> <span class='ocrx_word' id='word_1_575' title='bbox 1010 5205 1077 5269; x_wconf 77' lang='grc'><strong>(02)</strong></span> <span class='ocrx_word' id='word_1_576' title='bbox 1184 5204 1218 5255; x_wconf 85' lang='grc'><strong>23</strong></span> <span class='ocrx_word' id='word_1_577' title='bbox 1236 5208 1360 5256; x_wconf 90' lang='lat' dir='ltr'><strong>oeruloem</strong></span> <span class='ocrx_word' id='word_1_578' title='bbox 1378 5205 1424 5256; x_wconf 83' lang='lat' dir='ltr'><strong>PE</strong></span> <span class='ocrx_word' id='word_1_579' title='bbox 1527 5213 1567 5256; x_wconf 83' lang='lat' dir='ltr'><strong>est</strong></span> <span class='ocrx_word' id='word_1_580' title='bbox 1583 5203 1620 5276; x_wconf 91' lang='lat' dir='ltr'><strong>et]</strong></span> <span class='ocrx_word' id='word_1_581' title='bbox 1639 5211 1665 5258; x_wconf 91' lang='lat' dir='ltr'><strong>et</strong></span> <span class='ocrx_word' id='word_1_582' title='bbox 1681 5207 1736 5270; x_wconf 79' lang='grc' dir='ltr'><strong>ΕΤ,</strong></span> <span class='ocrx_word' id='word_1_583' title='bbox 1757 5207 1845 5258; x_wconf 84' lang='lat' dir='ltr'><strong>extitit</strong></span> <span class='ocrx_word' id='word_1_584' title='bbox 1863 5207 1886 5254; x_wconf 88' lang='grc' dir='ltr'><em>Ε</em></span> 
     </span>
     <span class='ocr_line' id='line_1_48' title="bbox 289 5287 1920 5360; baseline 0.002 -19"><span class='ocrx_word' id='word_1_585' title='bbox 289 5288 389 5360; x_wconf 85' lang='lat' dir='ltr'><strong>magna]</strong></span> <span class='ocrx_word' id='word_1_586' title='bbox 407 5296 447 5341; x_wconf 89' lang='lat' dir='ltr'><strong>est</strong></span> <span class='ocrx_word' id='word_1_587' title='bbox 464 5291 524 5341; x_wconf 84' lang='lat' dir='ltr'><strong>cdd.</strong></span> <span class='ocrx_word' id='word_1_588' title='bbox 546 5290 568 5339; x_wconf 80' lang='grc' dir='ltr'><em>Τ</em></span> <span class='ocrx_word' id='word_1_589' title='bbox 706 5289 739 5340; x_wconf 74' lang='grc'><strong>24</strong></span> <span class='ocrx_word' id='word_1_590' title='bbox 757 5287 831 5357; x_wconf 90' lang='lat' dir='ltr'><strong>dum]</strong></span> <span class='ocrx_word' id='word_1_591' title='bbox 850 5290 942 5340; x_wconf 74' lang='lat' dir='ltr'><strong>Post</strong></span> <span class='ocrx_word' id='word_1_592' title='bbox 1074 5293 1161 5353; x_wconf 80' lang='lat' dir='ltr'><strong>globus</strong></span> <span class='ocrx_word' id='word_1_593' title='bbox 1178 5293 1232 5356; x_wconf 81' lang='lat' dir='ltr'><strong>LE,</strong></span> <span class='ocrx_word' id='word_1_594' title='bbox 1253 5293 1290 5354; x_wconf 74' lang='lat' dir='ltr'><strong>cs.</strong></span> <span class='ocrx_word' id='word_1_595' title='bbox 1309 5307 1386 5356; x_wconf 77' lang='lat' dir='ltr'><strong>capra</strong></span> <span class='ocrx_word' id='word_1_596' title='bbox 1400 5309 1428 5356; x_wconf 85' lang='lat' dir='ltr'><strong>p.</strong></span> <span class='ocrx_word' id='word_1_597' title='bbox 1448 5297 1474 5356; x_wconf 87' lang='lat'><strong>9,</strong></span> <span class='ocrx_word' id='word_1_598' title='bbox 1494 5295 1511 5344; x_wconf 88' lang='lat' dir='ltr'><strong>l.</strong></span> <span class='ocrx_word' id='word_1_599' title='bbox 1534 5296 1567 5343; x_wconf 86' lang='lat'><strong>10</strong></span> <span class='ocrx_word' id='word_1_600' title='bbox 1699 5295 1822 5358; x_wconf 86' lang='lat' dir='ltr'><strong>penderet</strong></span> <span class='ocrx_word' id='word_1_601' title='bbox 1839 5290 1920 5344; x_wconf 65' lang='lat' dir='ltr'><strong>Plus</strong></span> 
     </span>
     <span class='ocr_line' id='line_1_49' title="bbox 289 5375 1885 5446; baseline 0 -18"><span class='ocrx_word' id='word_1_602' title='bbox 289 5377 322 5428; x_wconf 77' lang='lat'><strong>25</strong></span> <span class='ocrx_word' id='word_1_603' title='bbox 341 5375 422 5446; x_wconf 83' lang='lat' dir='ltr'><strong>sorix]</strong></span> <span class='ocrx_word' id='word_1_604' title='bbox 440 5377 520 5440; x_wconf 76' lang='lat' dir='ltr'><strong>Pan,</strong></span> <span class='ocrx_word' id='word_1_605' title='bbox 539 5379 611 5428; x_wconf 87' lang='lat' dir='ltr'><strong>aurix</strong></span> <span class='ocrx_word' id='word_1_606' title='bbox 626 5376 663 5441; x_wconf 88' lang='grc' dir='ltr'><strong>Μ,</strong></span> <span class='ocrx_word' id='word_1_607' title='bbox 682 5377 836 5440; x_wconf 77' lang='lat' dir='ltr'><strong>surrexltb,</strong></span> <span class='ocrx_word' id='word_1_608' title='bbox 856 5391 930 5426; x_wconf 85' lang='lat' dir='ltr'><strong>sorex</strong></span> <span class='ocrx_word' id='word_1_609' title='bbox 951 5377 991 5441; x_wconf 87' lang='grc'><strong>(2)</strong></span> <span class='ocrx_word' id='word_1_610' title='bbox 1099 5380 1222 5442; x_wconf 83' lang='lat' dir='ltr'><strong>pependit</strong></span> <span class='ocrx_word' id='word_1_611' title='bbox 1239 5382 1267 5430; x_wconf 92' lang='lat' dir='ltr'><strong>in</strong></span> <span class='ocrx_word' id='word_1_612' title='bbox 1285 5379 1405 5430; x_wconf 70' lang='lat' dir='ltr'><strong>morsui*</strong></span> <span class='ocrx_word' id='word_1_613' title='bbox 1509 5380 1541 5432; x_wconf 86' lang='grc'><strong>27</strong></span> <span class='ocrx_word' id='word_1_614' title='bbox 1559 5381 1681 5430; x_wconf 86' lang='lat' dir='ltr'><strong>miracula</strong></span> <span class='ocrx_word' id='word_1_615' title='bbox 1695 5380 1776 5444; x_wconf 83' lang='lat' dir='ltr'><strong>P¹M¹,</strong></span> <span class='ocrx_word' id='word_1_616' title='bbox 1797 5395 1845 5430; x_wconf 85' lang='lat' dir='ltr'><strong>cm.</strong></span> <span class='ocrx_word' id='word_1_617' title='bbox 1861 5380 1885 5428; x_wconf 91' lang='grc' dir='ltr'><em>Ε</em></span> 
     </span>
     <span class='ocr_line' id='line_1_50' title="bbox 289 5459 1916 5533; baseline 0.004 -21"><span class='ocrx_word' id='word_1_618' title='bbox 289 5465 383 5514; x_wconf 82' lang='lat' dir='ltr'><strong>foratus</strong></span> <span class='ocrx_word' id='word_1_619' title='bbox 402 5463 431 5512; x_wconf 98' lang='grc' dir='ltr'><em>Μ</em></span> <span class='ocrx_word' id='word_1_620' title='bbox 550 5459 663 5528; x_wconf 85' lang='lat' dir='ltr'><strong>quidam]</strong></span> <span class='ocrx_word' id='word_1_621' title='bbox 681 5463 725 5526; x_wconf 89' lang='lat' dir='ltr'><strong>qul</strong></span> <span class='ocrx_word' id='word_1_622' title='bbox 743 5463 838 5514; x_wconf 84' lang='lat' dir='ltr'><strong>dicitur</strong></span> <span class='ocrx_word' id='word_1_623' title='bbox 855 5463 907 5511; x_wconf 88' lang='grc' dir='ltr'><strong>ΡΜ</strong></span> <span class='ocrx_word' id='word_1_624' title='bbox 1025 5463 1140 5533; x_wconf 84' lang='lat' dir='ltr'><strong>nomine]</strong></span> <span class='ocrx_word' id='word_1_625' title='bbox 1156 5481 1205 5516; x_wconf 88' lang='lat' dir='ltr'><strong>om.</strong></span> <span class='ocrx_word' id='word_1_626' title='bbox 1229 5466 1250 5514; x_wconf 80' lang='lat' dir='ltr'><em>T</em></span> <span class='ocrx_word' id='word_1_627' title='bbox 1383 5467 1416 5518; x_wconf 84' lang='grc'><strong>28</strong></span> <span class='ocrx_word' id='word_1_628' title='bbox 1434 5469 1518 5517; x_wconf 86' lang='lat' dir='ltr'><strong>aborta</strong></span> <span class='ocrx_word' id='word_1_629' title='bbox 1535 5473 1667 5519; x_wconf 89' lang='lat' dir='ltr'><strong>uentorum</strong></span> <span class='ocrx_word' id='word_1_630' title='bbox 1686 5468 1816 5518; x_wconf 88' lang='lat' dir='ltr'><strong>turbidine</strong></span> <span class='ocrx_word' id='word_1_631' title='bbox 1834 5467 1916 5533; x_wconf 77' lang='lat' dir='ltr'><strong>P¹M¹,</strong></span> 
     </span>
     <span class='ocr_line' id='line_1_51' title="bbox 290 5539 1919 5618; baseline 0.004 -20"><span class='ocrx_word' id='word_1_632' title='bbox 290 5552 376 5601; x_wconf 84' lang='lat' dir='ltr'><strong>aborto</strong></span> <span class='ocrx_word' id='word_1_633' title='bbox 394 5551 440 5598; x_wconf 80' lang='grc' dir='ltr'><strong>ΕΕ</strong></span> <span class='ocrx_word' id='word_1_634' title='bbox 561 5549 595 5600; x_wconf 90' lang='grc'><strong>29</strong></span> <span class='ocrx_word' id='word_1_635' title='bbox 614 5547 769 5618; x_wconf 86' lang='lat' dir='ltr'><strong>seutlnante]</strong></span> <span class='ocrx_word' id='word_1_636' title='bbox 788 5565 815 5600; x_wconf 90' lang='lat' dir='ltr'><strong>se</strong></span> <span class='ocrx_word' id='word_1_637' title='bbox 833 5552 922 5600; x_wconf 89' lang='lat' dir='ltr'><strong>inante</strong></span> <span class='ocrx_word' id='word_1_638' title='bbox 941 5549 989 5614; x_wconf 75' lang='lat' dir='ltr'><strong>Ml,</strong></span> <span class='ocrx_word' id='word_1_639' title='bbox 1010 5565 1036 5600; x_wconf 84' lang='lat' dir='ltr'><strong>se</strong></span> <span class='ocrx_word' id='word_1_640' title='bbox 1055 5553 1186 5602; x_wconf 84' lang='lat' dir='ltr'><strong>inaniente</strong></span> <span class='ocrx_word' id='word_1_641' title='bbox 1204 5552 1231 5600; x_wconf 90' lang='grc' dir='ltr'><em>Μ</em></span> <span class='ocrx_word' id='word_1_642' title='bbox 1236 5550 1256 5616; x_wconf 78' lang='lat'><strong>²,</strong></span> <span class='ocrx_word' id='word_1_643' title='bbox 1277 5555 1401 5603; x_wconf 86' lang='lat' dir='ltr'><strong>sentinam</strong></span> <span class='ocrx_word' id='word_1_644' title='bbox 1419 5555 1449 5618; x_wconf 77' lang='lat' dir='ltr'><strong>L,</strong></span> <span class='ocrx_word' id='word_1_645' title='bbox 1470 5539 1570 5604; x_wconf 56' lang='lat' dir='ltr'><strong>senili</strong></span> <span class='ocrx_word' id='word_1_646' title='bbox 1690 5554 1720 5604; x_wconf 88' lang='lat'><strong>31</strong></span> <span class='ocrx_word' id='word_1_647' title='bbox 1742 5556 1877 5605; x_wconf 87' lang='lat' dir='ltr'><strong>subdamur</strong></span> <span class='ocrx_word' id='word_1_648' title='bbox 1898 5558 1919 5606; x_wconf 78' lang='grc' dir='ltr'><em>Τ</em></span> 
     </span>
     <span class='ocr_line' id='line_1_52' title="bbox 290 5633 1744 5713; baseline 0.004 -29"><span class='ocrx_word' id='word_1_649' title='bbox 290 5633 323 5684; x_wconf 87' lang='grc'><strong>32</strong></span> <span class='ocrx_word' id='word_1_650' title='bbox 341 5635 423 5685; x_wconf 86' lang='lat' dir='ltr'><strong>redita</strong></span> <span class='ocrx_word' id='word_1_651' title='bbox 441 5634 479 5683; x_wconf 83' lang='grc' dir='ltr'><strong>Μι</strong></span> <span class='ocrx_word' id='word_1_652' title='bbox 584 5637 714 5686; x_wconf 89' lang='lat' dir='ltr'><strong>cadentem</strong></span> <span class='ocrx_word' id='word_1_653' title='bbox 732 5635 764 5686; x_wconf 73' lang='lat' dir='ltr'><strong>Pl</strong></span> <span class='ocrx_word' id='word_1_654' title='bbox 870 5635 902 5687; x_wconf 82' lang='lat'><strong>35</strong></span> <span class='ocrx_word' id='word_1_655' title='bbox 921 5642 1032 5688; x_wconf 87' lang='lat' dir='ltr'><strong>staturae</strong></span> <span class='ocrx_word' id='word_1_656' title='bbox 1050 5653 1111 5690; x_wconf 89' lang='lat' dir='ltr'><strong>auae</strong></span> <span class='ocrx_word' id='word_1_657' title='bbox 1129 5639 1160 5704; x_wconf 76' lang='lat' dir='ltr'><strong>L,</strong></span> <span class='ocrx_word' id='word_1_658' title='bbox 1180 5653 1240 5690; x_wconf 86' lang='lat' dir='ltr'><strong>suae</strong></span> <span class='ocrx_word' id='word_1_659' title='bbox 1258 5641 1403 5692; x_wconf 79' lang='lat' dir='ltr'><strong>naturaeE</strong></span> <span class='ocrx_word' id='word_1_660' title='bbox 1504 5640 1627 5713; x_wconf 81' lang='lat' dir='ltr'><strong>lemlnae]</strong></span> <span class='ocrx_word' id='word_1_661' title='bbox 1644 5655 1692 5692; x_wconf 86' lang='lat' dir='ltr'><strong>om.</strong></span> <span class='ocrx_word' id='word_1_662' title='bbox 1715 5641 1744 5690; x_wconf 93' lang='grc' dir='ltr'><em>Μ</em></span> 
     </span>
    </p>
   </div>
   <div class='ocr_carea' id='block_1_9' title="bbox 0 0 2232 6202">
    <p class='ocr_par' dir='ltr' id='par_1_10' title="bbox 0 0 2232 6202">
     <span class='ocr_line' id='line_1_53' title="bbox 0 0 2232 6202; baseline 0 0"><span class='ocrx_word' id='word_1_663' title='bbox 0 0 2232 6202; x_wconf 95' lang='lat' dir='ltr'><strong> </strong></span> 
     </span>
    </p>
   </div>
  </div>
 </body>
</html>
