4536 6196
1010 308 1181 364 VENAN'rt
1199 309 1420 365 FOR'l'VNA'l'l

739 519 774 565 se
797 506 921 566 secreta
943 499 996 566 dei
1020 499 1150 565 sciendo
1172 499 1238 564 iam
1261 518 1334 564 esse
1356 498 1557 584 prophetam.

739 603 797 670 sed
819 604 965 684 Clarum,
992 609 1027 669 ut
1048 604 1175 684 eredat,
1201 623 1260 669 neo
1282 603 1390 688 opinio
1414 603 1501 669 falsa
1523 605 1682 670 movebat.

738 712 814 772 tuno
836 707 905 773 sine
928 727 1015 773 more
1038 708 1148 773 furens
1171 707 1341 772 Anatolius
1363 706 1487 772 adserit
1508 706 1631 786 audax,

739 810 825 893 quod
846 809 907 876 sibi
929 809 970 876 de
992 811 1082 876 eaelo
1105 809 1254 876 dominus
1276 810 1473 876 transmittat
1493 811 1662 892 amictum,

655 960 657 966 ·
738 913 852 981 induat
874 922 907 982 et
928 921 1051 980 vestem
1075 913 1217 980 delatam
1240 922 1333 981 nocte
1356 914 1481 997 silenti,

739 1025 775 1084 ut
796 1017 890 1102 signa
912 1025 1064 1104 stupeant
1085 1017 1176 1084 cuins
1198 1016 1292 1083 modo
1315 1018 1415 1084 verba
1436 1017 1601 1084 cavillant.

739 1123 848 1187 elevat
869 1122 943 1188 hino
965 1122 1088 1188 varium
1112 1123 1338 1188 monachorum
1361 1122 1455 1188 turba
1476 1123 1645 1189 tumultum

740 1230 773 1291 et
795 1243 953 1310 suspensa
974 1231 1063 1292 tenet
1085 1227 1243 1310 spectatio
1265 1246 1351 1291 vana
1373 1225 1513 1292 sodales.

739 1328 863 1394 interea
884 1327 1008 1395 medias
1031 1329 1126 1411 quasi
1147 1351 1211 1395 nox
1234 1335 1466 1396 transcurrerat
1488 1329 1584 1396 horas

637 1457 643 1470 ·
740 1439 773 1498 et
794 1439 865 1499 rota
885 1431 971 1498 fiexa
992 1453 1096 1517 aequo
1119 1435 1258 1518 gyrabat
1279 1432 1410 1499 cardine
1433 1440 1568 1500 metam:

740 1535 776 1600 fit
798 1535 902 1601 subito
925 1536 1096 1621 strepitus,
1121 1537 1264 1618 quatitur
1285 1537 1389 1618 loeus,
1417 1557 1495 1602 arva
1517 1544 1685 1604 moventur

741 1648 773 1708 et
794 1640 928 1707 oonftrsa
950 1639 1045 1706 simul
1069 1640 1158 1706 vario
1180 1639 1287 1707 fremit
1307 1641 1384 1706 aula
1407 1659 1554 1723 susurro,

740 1765 902 1810 murmure
924 1743 1092 1810 raucisono
1115 1743 1284 1828 frangente
1306 1745 1415 1828 lepore
1439 1744 1609 1826 loquellas.

740 1847 854 1915 credas
877 1867 1043 1933 pugnaces
1065 1847 1200 1913 volitare
1223 1868 1282 1933 per
1303 1855 1391 1914 astra
1412 1849 1562 1933 falanges

658 1975 666 1984 ·
741 1959 773 2017 et
794 1952 908 2019 videas
930 1951 1062 2036 rapidas
1084 1951 1262 2019 discurrere
1284 1952 1411 2018 turbine
1433 1959 1565 2019 turmas.

740 2055 815 2122 hinc
837 2055 892 2120 nbi
915 2054 1079 2122 concussis
1102 2055 1266 2122 redierunt
1287 2056 1353 2122 otia
1375 2058 1478 2123 turbis

741 2167 889 2244 motaque
911 2165 1087 2244 tempestas
1109 2159 1285 2243 tranquilla
1307 2161 1438 2227 silentia
1461 2163 1613 2247 sumpsit,

740 2263 877 2329 advocat
898 2283 938 2329 ex
961 2262 1126 2329 monachis
1149 2263 1318 2329 confestim
1340 2265 1510 2330 Anatolins
1532 2287 1648 2347 unum,

741 2366 917 2433 comminus
939 2374 972 2431 et
993 2365 1134 2431 tunicam
1157 2373 1298 2433 ostentat
1319 2368 1488 2434 iactantior
1509 2370 1635 2450 albam,

640 2497 653 2533 ·.
741 2492 805 2556 qua
827 2491 929 2536 vacue
951 2469 1095 2536 tumidus
1118 2469 1201 2536 falso
1223 2471 1433 2537 umbrabatur
1453 2472 1589 2556 honore,

742 2574 900 2641 candidus
923 2574 1067 2654 exuviis,
1095 2575 1153 2640 sed
1175 2574 1260 2658 nigri
1282 2573 1450 2640 daemonis
1471 2583 1551 2642 arte.

741 2679 818 2744 inde
841 2678 904 2743 ciet
924 2677 1084 2761 reliquos,
1110 2677 1246 2744 occurrit
1268 2679 1384 2744 Clarus
1406 2687 1439 2745 ct
1461 2680 1549 2764 ipse,

743 2783 855 2868 palpat
876 2781 1043 2847 mollitiem
1065 2782 1165 2846 vestis
1188 2781 1326 2847 candore
1347 2783 1466 2862 nivali,

744 2886 847 2951 serica
869 2884 1055 2969 confingunt
1076 2891 1207 2950 tenuato
1230 2885 1369 2951 stamina
1391 2887 1462 2968 filo,

667 3015 672 3025 ·
743 3009 804 3055 nec
825 2997 971 3055 contacta
992 3008 1090 3053 manu
1112 2988 1252 3054 discerni
1273 2988 1396 3054 vellera
1418 2998 1562 3076 possunt.

744 3095 874 3160 docitur
894 3093 1018 3158 interea
1039 3090 1209 3158 monachis
1231 3113 1294 3158 nox
1316 3094 1456 3178 pervigil
1478 3094 1622 3180 hymnis,

744 3205 777 3265 et
799 3205 954 3283 conpacta
976 3195 1081 3261 choris
1103 3195 1255 3262 Davitica
1276 3216 1381 3262 canna
1402 3199 1554 3278 resultat,

745 3310 781 3369 ut
802 3322 908 3368 coram
931 3300 1123 3366 altithronus
1145 3299 1308 3367 velamina
1329 3301 1402 3366 visa
1423 3304 1557 3369 revelet.

514 3517 583 3578 Sulp.
606 3517 661 3566 See.
689 3515 715 3563 V.
738 3513 773 3564 Μ.

408 3640 560 3688 credendum
579 3640 712 3686 coartabat.
749 3641 876 3697 postremo
900 3647 928 3682 eo
951 3646 1033 3694 usquc
1059 3635 1196 3694 processit,
1222 3639 1250 3680 ut
1276 3637 1343 3682 inter
1366 3649 1393 3682 se
1417 3651 1445 3682 ac
1469 3635 1544 3682 deum
1571 3637 1673 3683 nuntios
1697 3639 1803 3696 'angelos
1818 3639 1876 3698 AF)
1901 3639 2046 3687 discurrere

409 3729 577 3788 praedicaret,
607 3727 706 3785 iamque
730 3736 757 3770 se
781 3734 863 3770 unum
886 3735 919 3768 ex
944 3721 1049 3783 profetis
1074 3719 1160 3767 haberi
1182 3721 1289 3769 uolebat
1332 3723 1364 3780 (tl
1386 3722 1473 3770 Clarus
1491 3727 1575 3769 tamen
1594 3736 1751 3783 nequaquam
1769 3723 1799 3770 ad
1817 3724 1970 3772 credendum
1990 3727 2047 3784 cogi

409 3817 516 3875 poterat.
554 3811 597 3858 ille
621 3813 644 3858 ei
669 3811 731 3858 iram
755 3809 848 3856 domini
868 3813 895 3856 at
912 3811 1059 3869 praesentes
1077 3807 1180 3867 plagas,
1207 3821 1252 3854 cur
1270 3817 1355 3856 saneto
1373 3822 1423 3855 non
1442 3809 1567 3869 crederet,
1595 3810 1746 3857 comminari.
1785 3811 1820 3870 (ὃ)
1841 3817 1995 3872 postremum
2015 3813 2045 3859 fn

409 3899 473 3947 hanc
492 3911 577 3946 rocem
595 3897 710 3957 erupisse
728 3897 824 3944 fertur:
851 3907 907 3941 ecce
926 3894 970 3941 hac
989 3899 1062 3942 nocte
1081 3899 1176 3940 restem
1195 3894 1257 3941 mihi
1277 3895 1408 3942 candidam
1426 3896 1543 3944 dominus
1562 3895 1593 3942 de
1612 3896 1678 3942 eaelo
1700 3896 1784 3955 dabit,
1810 3911 1859 3957 qna
1882 3897 1990 3945 indutus
2015 3899 2045 3945 in

411 3986 491 4032 teredio
509 3991 620 4032 restrum
640 3982 795 4028 diversabor:
822 3981 898 4042 idque
924 3981 995 4027 robis
1020 3982 1121 4039 signum
1145 3983 1208 4040 erit,
1236 3983 1264 4028 in
1289 3981 1388 4029 medei
1409 3997 1465 4031 esse
1483 3986 1619 4036 uirtutem,
1647 3983 1749 4044 quidsi
1769 3984 1964 4032 restsdonatus
1982 3985 2042 4033 sim.

413 4073 446 4128 ,ol
467 4081 521 4118 tum
540 4083 597 4116 rere
615 4068 714 4126 annalis
731 4068 842 4114 omnium
861 4067 892 4114 ad
910 4066 974 4113 hanc
992 4068 1173 4128 probationem
1192 4069 1343 4128 expectatio.
1380 4069 1465 4128 itaque
1484 4068 1514 4115 ad
1534 4069 1641 4116 mediam
1660 4072 1712 4117 fere
1725 4077 1821 4118 noctem
1834 4071 1935 4118 fremitu
1949 4075 2043 4118 terram

416 4165 442 4216 ,t
460 4171 509 4205 oar.
525 4155 577 4208 AF.
598 4169 619 4204 a.
635 4171 659 4204 r.
674 4155 730 4200 eto*
754 4155 935 4201 insultantium
954 4155 1102 4201 commereri
1121 4167 1195 4201 enine
1213 4156 1392 4201 monasterium
1411 4155 1462 4202 loco
1482 4157 1566 4202 visum
1585 4163 1637 4203 est:
1659 4155 1774 4204 cellulam
1792 4163 1888 4214 autem,
1907 4170 1958 4218 qua
1975 4156 2045 4204 idem

411 4244 560 4291 adulescens
579 4241 758 4300 retrahebatur,
779 4241 871 4287 crebris
889 4253 1005 4288 cerneres
1024 4241 1115 4286 nrirare
1134 4241 1285 4292 luminibus,
1307 4242 1474 4302 fremitusque
1492 4243 1519 4288 in
1537 4255 1567 4289 ea
1585 4243 1781 4292 discurrentium
1798 4250 1824 4291 et
1836 4257 1948 4290 murmur
1960 4242 2043 4304 quod-

413 4331 469 4377 dam
488 4330 622 4376 muitarum
642 4341 730 4374 uocum
748 4327 905 4375 audiebatur.
927 4315 928 4318 Ἴ
948 4329 978 4388 Χΐξ
1000 4326 1059 4373 dein
1078 4329 1143 4374 facto
1162 4328 1263 4374 silentio
1281 4341 1398 4386 egressus
1416 4342 1494 4374 unum
1513 4330 1543 4376 de
1562 4331 1681 4377 fratribus
1699 4330 1729 4377 ad
1748 4344 1776 4377 ae
1794 4337 1862 4376 roeat
1877 4331 2043 4391 tunicamque

412 4419 446 4466 ci.
468 4423 585 4477 quaerat
605 4414 721 4466 indutus,
742 4414 862 4462 ostendit
904 4415 934 4472 ,8⁸
958 4415 1148 4474 obstupefactus
1167 4415 1210 4460 ille
1229 4421 1347 4460 convocat
1364 4425 1473 4464 eeteros.
1494 4417 1548 4476 ipse
1570 4419 1647 4463 etiam
1666 4415 1755 4464 clarus
1772 4415 1894 4474 adcurrit,
1915 4415 2045 4463 adhibito-

413 4517 463 4563 que
482 4503 576 4549 lumine
596 4509 690 4548 restem
709 4515 795 4548 onrrtes
813 4500 948 4558 diligenter
967 4502 1116 4562 inspiciunt.
1154 4505 1206 4548 erat
1225 4510 1309 4548 autem
1329 4516 1427 4550 summa
1445 4503 1569 4562 mollitie,
1593 4503 1698 4550 candore
1716 4505 1826 4562 eximio,
1853 4503 1956 4550 micanti
1981 4515 2044 4563 pnr-

415 4603 486 4651 pura.
508 4602 553 4635 trec
571 4593 664 4640 tamen.
685 4589 759 4635 cuius
778 4595 845 4635 esset
862 4589 961 4646 genera
979 4597 1023 4634 aut
1043 4588 1152 4638 velleris,
1172 4595 1266 4649 poterat
1285 4590 1399 4647 acerrimi:
1420 4590 1525 4636 curiosis
1544 4597 1628 4636 tamen
1646 4591 1724 4637 oculis
1741 4595 1785 4637 ant
1802 4590 1888 4649 digitis
1905 4589 2045 4636 adtrectata

417 4689 465 4722 utin
483 4673 553 4721 aliud
571 4687 646 4735 quam
665 4675 743 4721 restis
761 4674 901 4723 ridebatur.
939 4675 1037 4721 interea
1055 4674 1143 4722 t‘larus
1163 4676 1253 4722 fratres
1271 4674 1387 4722 admonet
1404 4677 1508 4722 orationi
1527 4678 1661 4736 insistere,
1681 4683 1710 4724 ut
1728 4677 1888 4724 manifestius
1906 4675 1944 4723 eis
1962 4675 2045 4723 domi-

483 4951 534 5000 suo
551 4959 619 4999 esset
639 4949 662 4998 P
775 4949 825 4998 '238
843 4952 968 4999 anatolius
988 4947 1020 5016 P]
1038 4951 1180 4998 anatholius
1199 4953 1252 4999 nu.
1358 4955 1448 4999 asserit
1469 4953 1502 4999 Β
1616 4953 1666 5002 utu
1684 4955 1803 5000 amictum
1821 4947 1918 5016 P¹SL²J
1935 4953 2046 4999 auritum

414 5036 459 5090 Pl.
481 5041 588 5086 amicum
609 5035 715 5084 b'liLlM
818 5037 869 5086 ito
887 5039 994 5086 delatam
1013 5035 1103 5104 Pars]
1121 5039 1223 5085 dilatam
1243 5037 1348 5084 RUMS
1452 5038 1498 5087 stt
1521 5037 1759 5106 utP¹1.²]ctull.
1866 5039 1968 5096 signnm
1989 5035 2049 5085 ΡΒ

414 5124 463 5174 ἨΣ
482 5126 585 5172 caleuat
603 5123 644 5184 1.¹,
665 5133 691 5172 ct
710 5124 777 5172 leuat
797 5125 819 5171 R
931 5125 971 5173 hic
992 5125 1013 5171 it
1128 5125 1178 5172 stu
1198 5126 1291 5172 edales
1311 5121 1389 5190 PU]
1407 5126 1499 5173 sedalis
1517 5127 1570 5174 rrll.
1685 5125 1735 5173 itt
1754 5139 1816 5186 quas
1834 5125 1857 5170 P
1960 5129 2048 5172 tran&

414 5221 524 5259 currerat
545 5207 589 5274 li}
612 5219 791 5258 transcurreret
812 5209 852 5262 ΡΙ.
880 5219 1049 5259 transcurrere
1068 5213 1120 5259 rcll.
1262 5211 1312 5258 tls
1331 5215 1432 5272 gyrabat
1452 5209 1491 5278 Ν]
1515 5214 1609 5272 girabat
1629 5213 1682 5259 rcll.
1823 5209 1873 5259 tto
1891 5225 1961 5258 arma
1985 5212 2047 5260 l'eaa.

414 5297 462 5346 :lli
483 5311 553 5345 surm
573 5297 602 5344 ΡΙ
724 5295 775 5346 its
794 5300 922 5346 fauciserto
943 5297 964 5344 Ρ
1074 5298 1195 5358 loquellas
1215 5293 1258 5362 ll]
1278 5298 1394 5358 lequillas
1413 5298 1463 5348 Px.
1485 5299 1595 5359 hqnelas
1614 5298 1678 5345 rtis
1799 5295 1849 5344 its
1867 5297 1982 5355 falangas
2001 5294 2047 5350 L2.

415 5385 550 5446 phalanges
569 5383 589 5432 S
703 5382 754 5431 25⁰
773 5385 870 5431 rabidas
892 5383 912 5430 Χ
1026 5383 1072 5432 ist
1095 5386 1184 5432 turmis
1203 5383 1221 5430 S
1325 5383 1375 5432 tat
1394 5386 1520 5432 anatolius
1538 5381 1570 5449 P]
1588 5385 1729 5431 anatholius
1748 5386 1800 5430 rell.
1907 5382 1960 5431 251
1979 5386 2051 5432 toni-

415 5485 468 5517 caru
489 5469 534 5516 MS
659 5469 709 5517 '255
727 5485 776 5532 qua
796 5467 839 5536 Li]
858 5471 902 5530 qui
921 5473 975 5518 rrll.
1101 5473 1163 5518 falso
1181 5473 1340 5518 umbrabatur
1359 5467 1420 5536 Px]
1440 5472 1500 5518 falso
1519 5473 1647 5518 umbratur
1666 5471 1701 5520 ll.
1723 5471 1784 5518 falso
1801 5470 1965 5517 obumbratur
1984 5469 2053 5520 BLS

416 5555 467 5604 'lidi
485 5559 586 5603 castitiis
606 5555 760 5622 Nl.l'·'b'³S²}
777 5560 869 5606 cannis
889 5557 959 5606 l'le'l.
980 5560 1092 5605 etunius
1113 5557 1147 5606 lt.
1168 5560 1262 5605 eaiuiis
1281 5557 1312 5604 fil
1418 5557 1468 5605 iss
1486 5561 1631 5617 mndngunt
1652 5553 1745 5622 ΝΒ]
1763 5557 1892 5614 configunt
1910 5553 2016 5604 NBL¹S

416 5651 519 5692 tenuata
540 5641 602 5698 till,
623 5651 744 5690 tenuatus
764 5642 792 5690 rt
898 5643 948 5692 &tid
968 5645 1060 5691 uellera
1080 5644 1102 5691 P
1204 5642 1251 5691 ret
1274 5647 1356 5702 ymnis
1375 5643 1397 5690 P
1498 5644 1548 5692 2*ἰῖ
1567 5653 1684 5706 ωομω
1703 5639 1805 5708 natue]
1824 5649 1953 5702 mappam
1973 5643 1994 5690 L
