4432 6150
979 305 1150 362 VENANTI
1168 303 1388 364 FORTVNATI

624 515 653 554 rs
707 495 765 561 sed
787 516 907 562 memor
929 503 997 563 estc
1019 497 1083 562 mei
1106 505 1275 581 votumque
1298 499 1438 584 repende
1461 500 1599 582 petenti,

792 606 827 663 ut
848 599 968 684 pariter
988 600 1120 685 paribus
1143 601 1198 667 det
1220 621 1279 667 sua
1301 601 1386 667 dona
1408 602 1506 684 deus,

706 701 878 767 humanam
902 709 1042 770 mentem
1065 704 1184 770 Christi
1206 725 1269 787 quc
1290 707 1395 790 gratia
1417 705 1498 772 ditet

791 826 830 871 ac
852 805 979 872 domino
1001 815 1107 874 nostro
1131 827 1246 874 sensus
1268 817 1301 875 et
1322 830 1378 875 ora
1399 817 1525 877 vacent.

1120 1103 1246 1167 XXVII

881 1239 940 1314 Ad
967 1241 1252 1316 archidiaconum
1279 1242 1324 1316 de
1350 1243 1481 1318 Meldis

705 1409 738 1474 Si
762 1410 840 1475 mihi
862 1410 914 1476 vel
936 1417 1059 1477 vestros
1082 1412 1226 1478 licuisset
1248 1432 1378 1479 cernere
1400 1414 1526 1496 vultus,

789 1534 921 1579 munere
944 1534 1000 1599 pro
1024 1522 1111 1580 tanto
1134 1516 1273 1601 plurima
1295 1518 1394 1582 verba
1416 1517 1539 1583 darem.

704 1617 821 1683 direxit
842 1617 934 1682 nobis
956 1625 1096 1685 mustum
1118 1625 1174 1685 tua
1196 1639 1270 1684 cara
1292 1620 1458 1699 voluntas,

791 1728 823 1786 et
845 1720 956 1786 dulces
978 1722 1101 1786 animos
1125 1721 1232 1787 dulcia
1254 1722 1340 1787 dona
1360 1724 1505 1808 probant.

638 1847 651 1885 s
705 1845 799 1908 quem
821 1844 884 1889 non
906 1824 1014 1890 vidisti
1036 1831 1200 1910 promptus
1224 1826 1341 1892 satiare
1363 1828 1500 1911 parasti:

790 1925 867 2008 quid
890 1926 991 1993 facias
1014 1928 1063 1992 illi
1086 1928 1142 2009 qui
1163 1927 1221 1994 tibi
1243 1936 1336 1994 notus
1358 1929 1473 1995 adesto

705 2030 760 2097 det
780 2031 839 2096 tibi
861 2031 953 2114 larga
975 2031 1072 2112 deus,
1100 2032 1153 2114 qui
1177 2052 1285 2096 curam
1307 2038 1414 2099 mente
1436 2034 1526 2100 lideli

791 2132 831 2198 de
853 2153 953 2217 grege
976 2134 1153 2219 pontificis,
1178 2156 1295 2218 magne
1318 2135 1479 2220 minister,
1505 2137 1616 2204 hahes.

1110 2445 1252 2511 XXVIII

935 2585 992 2658 Ad
1020 2584 1211 2659 Iohannem
1239 2584 1423 2662 diaconum

703 2755 825 2837 Pignus
847 2755 1006 2820 amicitiae
1030 2774 1156 2841 semper
1177 2757 1384 2823 memorabile
1406 2765 1534 2824 nostrae

789 2858 935 2924 versibus
957 2859 1099 2942 exiguis,
1126 2879 1199 2925 care
1221 2861 1392 2943 Iohannis,
1417 2862 1520 2944 habe,

704 2969 756 3044 ut,
782 2982 853 3027 cum
876 2983 927 3027 me
949 2963 1077 3047 rapiunt
1099 2963 1169 3029 loca
1191 2984 1275 3028 nunc
1298 2963 1461 3047 incognita
1483 2965 1610 3048 forsan,

789 3085 853 3130 non
876 3065 982 3130 animo
1004 3065 1134 3148 uidear,
1161 3066 1283 3150 dulcis,
1310 3066 1425 3133 abesse
1447 3075 1510 3133 tuo.

638 3192 650 3230 s
706 3167 908 3234 Anthemium
931 3175 1053 3254 patrem
1075 3176 1202 3255 perte,
1229 3169 1428 3248 venerande,
1455 3172 1577 3254 saluto,

791 3272 880 3338 cuius
902 3272 935 3337 in
958 3273 1076 3338 affectu
1099 3273 1320 3340 consolidatus
1341 3295 1432 3358 agor.

667 3441 668 3444 ,
705 3376 861 3441 Hilarium
884 3376 1004 3461 pariter
1025 3377 1118 3442 nobis
1140 3377 1174 3442 in
1196 3398 1304 3443 amore
1325 3384 1469 3444 tenacem

790 3479 897 3545 insero
920 3480 1131 3563 carminibus,
1157 3501 1251 3565 quem
1273 3502 1347 3547 mea
1370 3481 1466 3547 corda
1488 3483 1605 3550 colunt.

705 3591 859 3668 perpetuo
882 3603 1013 3648 maneas
1035 3584 1158 3650 meritis
1181 3585 1329 3650 felicibus
1351 3605 1448 3650 aevo:

624 3709 651 3748 ιο
789 3687 871 3752 haec
892 3707 1017 3772 quoque
1040 3708 1111 3752 cum
1135 3689 1253 3772 relegis
1276 3709 1326 3754 me
1349 3709 1526 3754 memorare
1550 3691 1641 3756 velis.

1123 3983 1234 4046 XXIX

924 4119 982 4193 Ad
1008 4121 1226 4194 Anthimium
1254 4121 1438 4196 diaconum

705 4292 839 4377 Suscipe
861 4291 1053 4368 versiculos,
1080 4291 1240 4374 Anthimi,
1267 4293 1383 4377 pignus
1406 4293 1562 4377 amantis,

789 4413 868 4478 quos
889 4394 947 4460 tibi
971 4394 1093 4460 sincero
1115 4402 1243 4478 pectore
1267 4396 1350 4461 fudit
1371 4416 1471 4461 amor.

440 4709 471 4759 lc
489 4706 543 4775 det]
560 4711 591 4758 ds
611 4710 631 4756 0
735 4707 766 4758 18
783 4721 869 4758 currus
888 4710 1012 4770 tnelpr'trt
1109 4713 1192 4757 nostro
1209 4706 1387 4777 ACMDGBL]
1405 4726 1453 4760 non
1473 4712 1500 4771 P,
1522 4718 1607 4760 sancto
1625 4711 1671 4758 RF
1766 4713 1857 4761 subscr.
1879 4729 1902 4762 v.
1923 4727 1991 4761 xvnr

370 4795 452 4858 IMR,
473 4809 560 4844 xxurrr
579 4797 603 4844 D

439 4883 534 4934 XXVII
550 4885 643 4946 lxxem
657 4883 711 4944 DL)
793 4894 1011 4928 sacnrnmconvn
1028 4881 1112 4943 (ons)
1134 4878 1205 4948 Vm]
1220 4895 1418 4931 nncrnrncouvu
1434 4882 1516 4944 Aba,
1531 4895 1749 4938 sacmnrncounn
1764 4885 1793 4947 F,
1807 4899 1990 4934 sacurnrncvu

370 4969 391 5016 G
495 4983 529 5016 nn
542 4983 638 5017 mannus
653 4967 728 5016 ΑΒΜ
734 4964 756 5034 2]
774 4981 808 5015 ns
821 4981 923 5015 usnnvs
938 4965 1006 5026 cm,
1026 4981 1061 5014 nn
1074 4980 1171 5016 mannus
1183 4969 1215 5030 D,
1236 4983 1271 5016 nn
1284 4983 1338 5016 usn
1351 4969 1381 5029 R,
1402 4983 1564 5017 usnnnssmr
1580 4971 1602 5016 F
1618 4971 1685 5028 Vera,
1707 4983 1863 5019 usnornsmr
1877 4972 1906 5032 L,
1927 4985 1989 5020 urn-

368 5068 462 5104 orrrsru
480 5054 523 5116 0¹,
544 5068 725 5103 urunrnnusnr
744 5051 779 5100 GV
910 5052 924 5101 2
943 5067 1047 5102 munera
1065 5054 1090 5101 D
1220 5055 1235 5104 3
1254 5056 1353 5103 derexit
1371 5055 1393 5101 Α
1524 5057 1631 5104 multum
1649 5055 1671 5101 B
1689 5057 1707 5104 t.
1726 5070 1775 5105 rar.
1898 5071 1952 5105 earo
1971 5059 1993 5105 P

368 5142 520 5191 ldnlclsG
622 5140 749 5205 paranti,
853 5139 868 5190 5
886 5145 1020 5202 promptus
1039 5138 1123 5187 Polla
1227 5136 1347 5206 Shsbes]
1367 5140 1425 5188 ades
1444 5141 1467 5186 F
1566 5141 1699 5204 sabaeas.
1719 5155 1770 5190 vru
1789 5143 1935 5190 Asuada

434 5230 549 5278 XXVIII
569 5229 644 5290 (ιω
662 5230 695 5289 D,
716 5243 763 5278 cm.
784 5228 841 5288 RF)
948 5240 1085 5275 crncoumr
1105 5229 1127 5274 F
1229 5226 1243 5275 2
1261 5227 1381 5275 iohannes
1399 5224 1480 5274 BLG²
1582 5225 1598 5275 3
1616 5240 1691 5288 suque
1709 5227 1742 5275 ad
1760 5230 1801 5287 99,
1823 5231 1904 5277 Qum.
1927 5230 1991 5277 Cin

368 5317 480 5379 confiniis
496 5319 645 5377 papinomm
665 5313 712 5364 6οΓ
729 5319 751 5362 ct
763 5291 816 5384 ,¹50⁰
930 5316 1014 5376 rapuit
1032 5314 1054 5361 R
1174 5313 1189 5363 l
1208 5313 1296 5362 uideas
1315 5311 1359 5360 BL
1481 5313 1496 5361 5
1515 5316 1654 5362 antemium
1673 5314 1719 5361 Ab
1831 5311 1886 5381 per]
1904 5330 1948 5378 pur
1965 5317 1990 5363 D

370 5401 508 5462 ronengis
527 5385 861 5468 Andb]rellgi(PM13r,
881 5403 945 5460 regis
964 5399 987 5446 R
1109 5413 1149 5447 me
1167 5414 1222 5461 sup.
1242 5413 1303 5449 cers.
1325 5402 1337 5446 1
1357 5413 1391 5448 m.
1412 5399 1467 5460 DB,
1489 5414 1537 5448 om.
1557 5400 1588 5460 R,
1609 5399 1699 5448 mlsF
1815 5401 1904 5450 subscr.
1926 5417 1949 5449 v.
1971 5416 1988 5449 x

369 5487 467 5536 Auos

436 5576 521 5624 XXIX
542 5575 606 5638 (xxx
624 5573 679 5636 DL)
752 5584 887 5620 sumntum
906 5570 949 5633 Αἱ,
970 5571 1164 5622 surnnmqu
1181 5573 1239 5624 Vm.
1311 5583 1447 5620 nrnconvu
1467 5568 1732 5638 MDGB]n1sconnu
1751 5572 1843 5620 Abas
1912 5571 1923 5620 I
1944 5587 1990 5622 su-

366 5662 446 5716 theml
466 5661 497 5710 0¹
516 5662 575 5715 Vsa.
681 5659 696 5714 2
715 5659 800 5710 lundlt
818 5657 840 5708 R
