4536 6196
819 342 912 404 vnn
932 349 960 404 S.
981 341 1143 403 MARTlNl
1162 339 1233 403 LIB.
1256 340 1292 403 li.

578 537 625 601 sio
646 536 692 602 ait
713 535 920 602 altithronum
943 537 1119 604 rediturum
1142 538 1281 622 qualiter
1300 540 1371 605 iret.

577 639 662 704 unde
685 641 854 724 probanda
876 640 992 724 probo,
1019 643 1153 726 reprobo
1176 641 1382 727 reprobantia
1404 643 1537 728 probra:

576 763 640 807 non
663 750 738 808 sunt
759 743 854 826 signa
877 743 940 808 mei
962 745 1065 828 regis,
1093 744 1152 810 sed
1175 751 1280 810 eastra
1302 747 1442 830 tyranni.

577 853 628 911 ast
650 866 711 928 ego
732 846 904 912 transfixas
927 847 1029 912 elaris
1051 847 1115 914 nisi
1137 847 1248 913 videro
1271 850 1398 933 palmas

576 956 672 1032 atque
695 950 791 1015 beata
812 950 917 1014 erneis
939 956 1006 1015 tum
1030 951 1182 1035 stigmata
1204 972 1300 1018 earne
1322 953 1488 1036 gerentem

576 1072 615 1117 ao
637 1054 723 1118 latus
746 1059 778 1117 et
800 1053 906 1118 fossas
928 1054 1061 1120 traieoto
1083 1054 1207 1121 missile
1230 1063 1352 1138 costas,

577 1155 662 1221 unde
686 1157 843 1222 cruentati
866 1157 995 1242 pariunt
1016 1158 1214 1242 baptismata
1235 1158 1296 1223 rivi

476 1283 523 1320 ar
577 1267 609 1325 et
631 1279 724 1326 saera
746 1281 905 1346 purpureo
927 1261 1071 1327 maoulas
1094 1261 1183 1328 lavat
1204 1261 1291 1328 unda
1313 1261 1450 1344 fluento,

578 1385 661 1447 quae
684 1363 775 1429 dedit
795 1365 830 1430 in
852 1363 990 1449 pretium
1013 1384 1171 1448 generosa
1192 1365 1317 1432 talenta
1337 1365 1520 1451 redemptor

577 1467 676 1551 inque
699 1469 802 1534 oruois
824 1468 944 1535 trutina
966 1469 1060 1554 pretii
1082 1469 1276 1535 nomismata
1298 1489 1458 1554 pensans,

577 1578 678 1638 totum
701 1579 811 1638 auctor
832 1572 993 1638 redimens
1017 1572 1169 1639 thesauro
1192 1574 1333 1659 eorporis
1356 1574 1483 1656 orbem,

578 1696 649 1740 eum
672 1695 801 1759 gemma
822 1694 887 1741 una
909 1675 970 1741 fnit
990 1697 1074 1758 quae
1098 1683 1212 1742 cuneta
1233 1677 1267 1742 in
1290 1697 1369 1742 vasa
1391 1679 1530 1758 valeret;

476 1804 480 1815 ·
576 1779 638 1844 hae
658 1779 723 1844 nisi
745 1787 835 1844 veste
858 1779 924 1863 tegi
947 1779 1075 1846 videam
1099 1800 1163 1864 qna
1185 1780 1316 1865 pertulit
1339 1789 1466 1866 auctor,

575 1882 694 1948 indicio
718 1883 787 1948 sine
810 1883 871 1948 hoo
893 1883 1056 1962 Christum
1077 1883 1208 1950 venisse
1229 1885 1366 1968 negabo.

576 2007 651 2051 nam
674 1986 768 2053 deoet
788 1995 823 2053 ut
843 1987 945 2053 vietor
967 1987 1082 2053 dooeat
1103 2007 1161 2072 per
1184 1988 1277 2071 signa
1300 1988 1495 2074 triumphum

576 2090 739 2176 plagaque
762 2090 827 2156 fixa
849 2098 953 2176 potest
975 2090 1104 2157 laudem
1127 2093 1331 2158 aooumulare
1353 2093 1476 2177 tropaei
1487 2096 1503 2157 ’.

577 2213 650 2259 mox
672 2193 821 2259 inimicus
843 2194 947 2277 iners,
974 2194 1118 2259 vibratus
1141 2194 1276 2260 verbere
1298 2194 1407 2275 verbi,

476 2321 480 2356 :
511 2321 523 2358 t
577 2297 711 2382 pestifer
732 2298 840 2363 aerius
862 2304 995 2363 tenuata
1016 2318 1074 2382 per
1096 2298 1230 2364 aethera
1252 2298 1382 2383 lapsus,

576 2401 611 2465 in
632 2402 795 2486 propriam
818 2401 959 2486 speeiem
982 2400 1112 2467 rediens
1134 2401 1178 2468 ad
1200 2402 1296 2468 inane
1320 2402 1444 2468 solutus

577 2504 692 2588 effugit
714 2524 755 2570 ex
777 2505 879 2570 oeulis
902 2503 1045 2588 liquidas
1069 2505 1162 2587 quasi
1184 2504 1292 2570 fumus
1315 2505 1349 2570 in
1371 2526 1468 2571 auras

577 2615 610 2673 et
632 2608 714 2674 levis
736 2608 931 2673 umbriferae
953 2608 1100 2674 volitavit
1121 2607 1229 2690 imago
1251 2607 1391 2691 figurae,

577 2711 701 2778 visibus
723 2711 876 2777 exclusos
899 2712 1015 2777 oellam
1038 2709 1178 2795 paedore
1202 2711 1403 2794 cruminans,

477 2839 506 2876 ·u
576 2814 707 2898 agnitus
729 2813 874 2897 indioiis,
902 2834 961 2880 sna
983 2821 1048 2900 per'
1062 2813 1202 2898 vestigia
1223 2815 1359 2881 sordens

577 2924 609 2983 et
631 2917 751 2984 foetore
774 2917 837 2983 sibi
859 2917 1030 2983 eomitante
1054 2917 1195 2983 satellite
1218 2916 1319 3002 fugit,

576 3021 769 3104 Martinique
791 3021 888 3087 fidem
911 3041 1015 3105 neque
1038 3019 1289 3104 torquatorum
1311 3020 1428 3087 fefellit

576 3145 636 3191 neo
658 3124 783 3191 radium
806 3125 923 3191 mentis
946 3124 1065 3190 delusit
1088 3124 1241 3209 splendor
1262 3125 1387 3207 inanis,

576 3228 649 3294 luoe
672 3228 843 3314 superfusa
863 3249 929 3312 qua
952 3248 987 3294 se
1011 3247 1074 3292 nox
1096 3234 1200 3293 taetra
1222 3229 1364 3311 tegebat.

476 3356 506 3393 :n
577 3332 732 3415 numquid
754 3352 817 3399 non
839 3339 966 3417 poterat
988 3331 1120 3397 humilis
1143 3350 1293 3416 superare
1317 3333 1489 3417 superbum

577 3443 717 3502 autnon
741 3436 881 3502 deiceret
902 3443 968 3500 tam
991 3443 1098 3501 mente
1119 3434 1279 3518 benignus
1301 3435 1465 3519 iniquum,

577 3539 721 3625 paoifiois
743 3540 842 3606 armis
864 3539 977 3605 doetus
1000 3537 1156 3604 domitare
1179 3538 1342 3605 rebelles?

664 3644 764 3710 Cuius
788 3643 892 3709 duleis
915 3649 984 3708 erat
1004 3641 1096 3707 favor
1117 3649 1150 3707 et
1171 3642 1272 3707 bonor
1293 3642 1378 3709 altus
1402 3643 1536 3724 amoris,

577 3768 641 3813 non
664 3748 768 3814 solum
791 3748 922 3812 abluere
946 3745 1097 3828 alterins,
1125 3745 1183 3811 sed
1206 3745 1348 3813 lambere
1371 3748 1500 3833 plantas

476 3873 523 3913 noo
577 3850 714 3936 hospitis
737 3856 834 3935 atque
856 3849 931 3915 novi
953 3848 1093 3932 vestigia
1116 3855 1242 3932 tergere
1264 3849 1394 3933 lingua,

243 4065 282 4114 se'
307 4065 391 4126 ioqnit
417 4063 504 4112 ‘lesus
526 4062 642 4111 dominus
667 4053 907 4124 purpuratom'neo
931 4060 1071 4109 diademate
1095 4058 1253 4108 renidentem
1278 4065 1413 4109 venturum
1438 4075 1493 4111 esse
1512 4062 1650 4123 praedixit:
1679 4076 1724 4123 ego
1742 4063 1872 4113 Christum

242 4153 291 4198 nlsl
310 4152 336 4198 in
354 4164 383 4198 eo
400 4149 489 4199 babitu
508 4151 650 4211 formaque,
678 4163 727 4210 qua
745 4161 835 4211 passus
853 4153 907 4207 est,
935 4148 986 4194 nisi
1004 4148 1085 4196 erneis
1104 4148 1222 4206 stigmata
1238 4149 1422 4209 praeferentem
1441 4148 1541 4196 uenisse
1559 4161 1609 4196 non
1628 4149 1746 4198 eredam'.
1786 4152 1820 4214 (8)
1840 4152 1872 4200 ad

243 4237 305 4284 bano
329 4237 371 4285 lllo
396 4250 481 4284 vocem
507 4238 591 4285 statim
616 4241 646 4284 ut
664 4235 749 4283 furnus
767 4234 872 4282 evanuit
890 4237 917 4280 et
935 4232 1051 4282 eellnlam
1068 4235 1140 4280 tanto
1157 4233 1250 4282 foetore
1267 4234 1409 4296 eonplevlt,
1434 4239 1464 4281 nt
1481 4234 1588 4282 indubia
1606 4234 1700 4282 indlola
1718 4235 1872 4298 relinqueret

242 4323 369 4371 diabolum
387 4336 414 4371 se
432 4324 521 4372 luisse.
560 4323 605 4372 hoo
623 4323 709 4384 itaque
727 4325 836 4382 gestum,
856 4323 885 4367 ut
903 4333 979 4382 supra
997 4318 1094 4378 rettuli,
1115 4333 1147 4368 ex
1166 4320 1248 4382 ipsine
1261 4319 1363 4368 Martini
1381 4333 1423 4368 ore
1442 4321 1554 4381 cognovi,
1575 4333 1607 4368 ne
1625 4322 1684 4382 quis
1703 4321 1765 4370 forte
1784 4324 1875 4373 eristi·

243 4415 294 4457 met
312 4409 463 4458 fabulosum.

311 4497 353 4556 95,
374 4497 390 4542 2
408 4495 462 4554 Qno
480 4495 581 4557 quidem
600 4500 711 4557 tempore
729 4493 797 4542 eredl
815 4507 864 4543 non
884 4498 976 4556 potest,
997 4507 1046 4556 qna
1061 4507 1101 4542 me
1113 4493 1266 4556 hnmilitate,
1287 4507 1336 4555 qua
1348 4493 1506 4553 benignitate
1518 4493 1666 4556 susceperit,
1687 4496 1873 4555 congratulatus

308 4811 365 4869 port
383 4805 442 4867 328,
463 4807 490 4853 in
507 4809 580 4854 eatur
597 4806 644 4868 {lae
663 4804 755 4866 tepebat
772 4807 879 4868 qualiter
897 4807 942 4868 ire,
963 4805 1027 4853 bunc
1038 4819 1135 4853 oeream
1149 4807 1250 4852 inseruit
1263 4805 1407 4853 llromerua:
1429 4804 1529 4852 uidistis
1542 4809 1664 4866 coetuque
1676 4819 1752 4868 sopra
1764 4805 1872 4866 uestigia

243 4893 305 4941 ferre
409 4890 460 4941 329
478 4893 581 4954 reprobo
595 4888 660 4958 Pas]
680 4907 728 4940 om.
744 4894 798 4940 reti.
900 4893 1073 4955 reprobrantia
1086 4891 1135 4953 NS,
1156 4892 1299 4953 probrantia
1313 4890 1478 4940 Mommsenaa
1580 4894 1698 4952 innsorp.
1716 4896 1726 4939 l
1741 4907 1775 4940 m.
1790 4893 1870 4942 3:21.

242 4978 405 5041 reprobranda
417 4991 445 5024 ao
461 4978 563 5039 (serap.
578 4979 637 5039 rer.)
651 4978 761 5041 deniqne
773 4979 863 5041 probro
963 4977 1012 5027 330
1031 4979 1124 5026 tiranni
1138 4976 1160 5024 L
1259 4976 1305 5026 331
1328 4973 1425 5043 nidero]
1438 4977 1497 5025 dero
1510 4976 1543 5025 N¹
1642 4975 1692 5026 332
1711 4982 1838 5037 regentem
1854 4979 1876 5026 P

243 5064 292 5113 333
311 5071 337 5112 et
355 5065 433 5112 fossae
453 5060 498 5130 ist]
516 5065 619 5113 effossas
636 5065 691 5114 rell.
716 5065 801 5125 (fossas
819 5063 848 5126 P)
991 5063 1041 5113 334
1058 5065 1207 5113 babtismate
1227 5063 1279 5126 PN,
1309 5063 1503 5127 baptysmatsS
1643 5063 1692 5110 335
1711 5077 1833 5126 purporeo
1853 5065 1875 5112 P

243 5151 292 5200 336
311 5145 432 5216 pretium]
451 5150 531 5211 pretio
543 5151 614 5200 codd.
630 5152 722 5212 (precio
734 5149 783 5212 Pa)
890 5151 1013 5199 redemtor
1026 5151 1049 5198 P
1151 5149 1200 5200 337
1220 5151 1373 5199 numismata
1384 5147 1427 5211 13²,
1449 5149 1661 5199 nummismatab
1765 5149 1815 5200 338
1834 5155 1873 5198 to·

243 5243 296 5284 tom
317 5233 409 5302 Pura]
428 5241 527 5284 tantum
547 5235 625 5296 8318,
645 5242 745 5285 tratum
766 5235 799 5284 L¹
903 5241 1002 5286 tesauro
1021 5236 1073 5284 Lllf
1178 5236 1228 5286 339
1246 5250 1308 5286 uase
1326 5235 1422 5285 uolaret
1439 5234 1471 5282 11¹
1577 5236 1627 5284 341)
1645 5237 1692 5285 lrao
1712 5232 1789 5304 PU]
1807 5236 1874 5285 bano

242 5323 295 5373 reti.
413 5329 486 5371 noste
506 5320 553 5368 MS
673 5336 748 5383 quam
769 5319 831 5383 Pas,
853 5337 918 5384 qnae
937 5321 968 5370 L¹
1093 5321 1143 5372 342
1162 5336 1207 5384 per
1224 5335 1272 5370 om.
1288 5322 1311 5369 P
1426 5322 1582 5385 triumphum
1601 5318 1654 5387 LS]
1673 5321 1799 5384 triumpho
1816 5323 1871 5370 rell.

242 5408 291 5458 343
311 5409 462 5456 aoenmolare
483 5408 507 5455 N
610 5410 703 5470 tropaei
724 5404 762 5475 N]
781 5408 877 5470 trophet
895 5411 950 5458 rell.
1076 5407 1126 5458 345
1144 5423 1170 5470 p.
1191 5405 1228 5474 a.]
1245 5409 1365 5471 pestifere
1383 5409 1436 5458 rins
1455 5408 1478 5455 P
1581 5413 1669 5456 tenuta
1689 5409 1712 5456 N
1814 5422 1871 5456 aera

243 5493 276 5542 12¹
406 5494 457 5544 348
475 5496 547 5542 leues
567 5494 591 5542 N
712 5495 861 5542 umbriferae
879 5523 914 5532 —
931 5497 1024 5554 figurae
1042 5490 1088 5561 Li]
1107 5497 1243 5544 umbrifera
1260 5521 1295 5530 -·
1312 5497 1391 5556 ligore
1412 5493 1442 5556 P,
1463 5495 1623 5542 umbriferam
1641 5521 1676 5530 —
1694 5495 1797 5554 figuram
1816 5495 1870 5542 rell.

241 5581 291 5629 343
309 5582 420 5629 enelnsis
438 5579 526 5628 NLlM
640 5579 690 5628 354
708 5594 773 5641 qnae
790 5578 832 5641 13,
854 5594 903 5640 que
921 5580 951 5644 B,
973 5597 1023 5643 qna
1044 5581 1076 5629 1²¹
1198 5579 1248 5630 356
1267 5579 1376 5629 deloeret
1396 5576 1473 5646 PBL]
1491 5580 1617 5628 detereret
1636 5577 1706 5626 NMS
1822 5587 1872 5628 tarn

241 5672 323 5714 mente
343 5663 398 5732 PL]
416 5671 499 5714 tanuen
519 5672 543 5714 te
563 5665 635 5726 NBN,
656 5681 670 5713 a
688 5670 774 5714 mente
794 5665 820 5712 11
923 5668 971 5714 357
991 5667 1093 5716 rebellis
1112 5665 1143 5713 P¹
1249 5665 1300 5712 353
1319 5662 1419 5732 amoris]
1436 5665 1536 5714 lionoris
1555 5665 1587 5714 12¹
