4536 6196
933 331 1138 388 APPENDIX.

490 563 495 578 ι
556 541 701 604 caruem,
729 523 852 607 pullum
875 524 971 588 simul
994 524 1103 589 discus
1125 531 1256 589 ornatus
1279 524 1420 607 undique
1443 563 1483 570 -

556 625 708 709 temporis
731 646 814 708 quae
838 625 947 710 spacio
970 628 1092 692 cunctis
1116 628 1201 693 seras
1224 627 1311 692 cibus
1333 626 1367 691 in
1390 647 1444 693 ore

557 735 590 795 et
611 749 631 793 a
654 729 776 795 cunetis
798 731 929 814 longum
953 751 1021 796 scm
1047 781 1053 795 .
1075 782 1081 795 .
1105 783 1111 795 .

556 832 686 898 domina
709 851 805 916 super
826 839 857 899 ts
880 840 912 899 et
933 842 965 899 te
989 834 1083 899 simul
1107 854 1234 920 semper
1256 855 1327 899 cunr
1350 834 1422 919 ipsa

557 957 640 1020 (puae
663 936 717 1002 dic
739 943 898 1020 noctuque
920 937 1075 1004 melliflua
1098 938 1252 1004 diffundis
1275 939 1315 1002 ab
1338 959 1402 1004 ure.

1004 1283 1068 1347 XII

926 1425 1026 1497 Item·
1045 1423 1142 1496 aliud

558 1592 642 1658 Dum
666 1594 739 1658 vulo
762 1593 957 1658 carminibus
980 1600 1087 1658 notum
1110 1613 1294 1678 percurrere
1317 1594 1490 1677 plectrum,

643 1696 760 1781 incipio
784 1697 877 1761 solito
899 1696 1022 1780 pigrius
1045 1698 1092 1762 ire
1115 1696 1215 1782 pede,

557 1820 616 1864 nee
639 1800 718 1864 mihi
742 1799 924 1882 doctiloqua
946 1801 1103 1865 consentit
1125 1799 1304 1865 harundine
1328 1800 1420 1864 Musa
1430 1815 1443 1880 ‚'

642 1924 724 1986 quae
748 1904 884 1969 desueta
907 1922 1000 1968 suurn
1024 1903 1166 1987 pandere
1188 1901 1290 1968 nescit
1313 1923 1405 1987 opus.

491 2049 495 2062 ·
557 2006 614 2071 scd
637 2006 784 2089 quamvis
808 2005 904 2071 dubio
928 2005 1067 2091 trepidet
1088 2026 1161 2072 meu
1183 2006 1303 2072 chorda
1325 2007 1447 2090 relatu,

642 2109 796 2174 audacter
819 2110 887 2175 solo
910 2115 1075 2195 promptus
1097 2130 1206 2177 amore
1229 2111 1350 2194 loquor.

556 2233 632 2288 cara
654 2212 795 2296 benigna
818 2213 936 2280 decens
958 2213 1063 2279 dulcis
1085 2213 1140 2298 piu
1163 2233 1290 2299 semper
1312 2213 1479 2295 habenda,

642 2315 734 2380 cuius
756 2317 789 2381 in
813 2317 931 2383 affectu
955 2322 1018 2382 stat
1042 2316 1121 2381 mihi
1144 2316 1243 2401 patris
1266 2317 1383 2398 honor,

556 2438 748 2502 perquam,
775 2440 859 2502 quae
882 2419 1009 2502 genuit,
1037 2421 1181 2486 recolunt
1203 2440 1276 2486 mea
1299 2420 1423 2486 viscera
1446 2427 1596 2498 matrem,

643 2528 675 2588 et
697 2543 801 2588 mores
824 2523 919 2610 aviae
942 2532 974 2590 te
996 2530 1171 2590 renovante
1195 2525 1281 2590 cole:

557 2625 746 2710 suppliciter
769 2627 899 2692 humilis
922 2629 1019 2693 verbo
1042 2627 1223 2712 trepidante
1247 2626 1369 2709 saluto,

643 2729 870 2794 commendans
894 2731 1033 2795 animam
1056 2730 1115 2796 sed
1137 2729 1323 2794 famulando
1345 2750 1468 2812 meam,

557 2839 589 2897 et
611 2832 731 2916 pariter
752 2839 879 2914 natam,
906 2834 1029 2918 peperit
1053 2854 1148 2916 quam
1171 2833 1275 2916 gratia
1297 2832 1420 2898 cordis:

642 2955 723 3016 quas
746 2955 803 3000 rex
826 2937 986 3002 caelorum
1011 2944 1117 3003 servet
1138 2937 1170 3001 in
1193 2937 1269 3002 orbe
1292 2935 1359 3000 diu.

996 3279 1077 3344 XIII

927 3419 1018 3495 Item
1045 3421 1141 3494 aliud

559 3589 613 3654 Sic
634 3609 692 3654 vos
715 3590 859 3656 Caesarii
881 3589 1009 3657 munitis
1032 3591 1133 3656 honor
1153 3598 1245 3658 cruet
1264 3592 1298 3658 in
1320 3593 1395 3659 orbe

644 3699 741 3776 atque
763 3694 876 3760 ambas
899 3714 972 3760 caro
995 3714 1067 3759 curn
1090 3701 1181 3780 patre
1204 3695 1352 3761 Christus
1374 3704 1476 3776 auret;

558 3795 605 3861 sic
626 3795 678 3862 hic
700 3797 854 3864 Caesarie
876 3804 909 3864 et
929 3799 1097 3884 praecelsa
1120 3799 1255 3864 Casaria
1276 3806 1403 3882 surgat,

644 3906 680 3966 ut
701 3920 759 3984 per
781 3921 838 3966 vos
860 3901 985 3987 priscus
1008 3901 1060 3967 hic
1080 3908 1245 3986 reparetur
1265 3903 1381 3980 h0n0r;

492 4049 497 4062 ,
558 4003 663 4086 gratia
685 4003 732 4068 sie
752 4003 829 4069 talis
850 4004 968 4086 niteat,
995 4025 1059 4086 qua
1081 4012 1204 4071 crescat
1224 4005 1258 4070 in
1279 4026 1359 4072 aevo

644 4126 702 4192 per
723 4126 781 4171 vos
803 4107 942 4173 Pictavis
963 4107 1153 4174 Arelatense
1174 4107 1289 4188 decus,

559 4209 605 4274 sic
626 4208 680 4294 pie
703 4209 836 4275 caelesti
858 4229 1038 4276 mereamur
1058 4211 1166 4278 rivere
1189 4211 1258 4296 regi

645 4319 678 4378 et
699 4333 772 4378 meu
794 4313 958 4378 vobiscum
981 4314 1124 4380 membra
1146 4315 1316 4400 sepulchra
1336 4322 1462 4399 tegant:

559 4415 587 4480 si
609 4415 696 4498 qnod
718 4415 752 4480 in
775 4417 897 4482 offenso
920 4417 1074 4482 retinetur
1097 4424 1224 4502 pectere
1246 4438 1404 4502 murmur,

644 4519 678 4584 in
700 4519 771 4585 vice
795 4521 937 4585 laxatum
961 4520 1002 4585 sit
1024 4521 1150 4587 reniale
1172 4541 1300 4606 precum

559 4643 672 4708 pacem
696 4622 841 4689 Christus
864 4644 995 4706 amans,
1022 4625 1102 4690 mira
1125 4625 1296 4691 dulcedine
1318 4625 1449 4710 plenus,

646 4732 776 4811 pectora
797 4735 905 4793 vestra
927 4747 1018 4794 sacer
1040 4748 1075 4794 se
1097 4728 1260 4795 mediante
1282 4728 1372 4813 liget.

560 4830 703 4895 obtineat
723 4831 844 4915 pariter
866 4831 1051 4897 veneranda
1074 4832 1208 4898 casaria
1229 4853 1372 4915 menum,

647 4954 730 5018 quae
753 4934 848 5001 simul
870 4935 1022 5022 amplexu
1044 4955 1101 5003 vos
1123 4935 1212 5022 cupit
1233 4955 1305 5004 esse
1327 4936 1391 5022 pie.

274 5158 529 5164 .-..-.---———.—
547 5156 636 5163 -—-

296 5304 364 5366 5cs.
385 5303 442 5354 ibid.
463 5321 487 5356 v.
508 5307 572 5366 3sq.
679 5305 811 5367 undeqnee
928 5305 943 5354 6
962 5303 997 5365 ef.
1019 5305 1063 5367 XI,
1086 5307 1126 5366 12,
1147 5306 1163 5352 3
1278 5305 1291 5352 t
1311 5307 1345 5353 ste
1362 5305 1430 5365 sere:
1449 5305 1551 5364 tongum
1570 5301 1679 5371 senr[pcr
1696 5305 1852 5354 benedicente

225 5391 252 5440 iu
271 5405 371 5454 aeuum,
392 5391 433 5440 sed
451 5391 509 5440 duee
525 5392 614 5440 arelius
632 5393 727 5440 intecta
744 5397 845 5441 manent
950 5391 964 5439 8
985 5391 1162 5452 uadcpundem
1179 5396 1202 5439 et
1221 5393 1308 5454 Apum
1325 5393 1469 5453 compellare
1487 5389 1585 5439 videtur
1688 5390 1704 5438 9
1722 5393 1765 5452 qui

297 5478 345 5524 ΧΠ
416 5477 441 5525 Σ
457 5478 477 5540 s.
500 5475 546 5525 54⁰
651 5477 666 5526 4
685 5478 716 5526 de
736 5483 807 5528 sunta
913 5478 928 5526 5
946 5479 1073 5542 trepident
1091 5493 1145 5528 meu
1162 5480 1233 5528 corde
1337 5479 1353 5528 6
1371 5481 1487 5540 prumtne
1591 5476 1606 5526 8
1626 5479 1714 5540 effecte

297 5565 360 5611 XIII
433 5563 457 5610 Σ
467 5565 489 5626 s.
503 5561 550 5615 ati
654 5578 751 5612 cannen
769 5565 801 5613 nd
815 5565 994 5626 componendus
1006 5570 1069 5614 tuter
1080 5565 1257 5626 Rudeyaudcm
1269 5572 1291 5614 et
1304 5566 1391 5626 Aymn
1403 5567 1540 5613 simultates
1552 5567 1670 5626 seriptum
1777 5564 1787 5612 l
1810 5579 1853 5611 ur-

227 5655 270 5698 net
375 5648 390 5698 2
408 5652 493 5699 ambas
514 5647 666 5717 duorardus]
683 5665 750 5700 emes
855 5652 868 5700 3
889 5652 922 5712 cf.
945 5650 1066 5702 Guerard.
1083 5668 1109 5713 p.
1132 5657 1163 5701 {tt
1279 5654 1293 5701 5
1311 5654 1369 5702 talis
1391 5649 1544 5719 Guernrdue]
1562 5653 1625 5702 tales
1730 5649 1854 5712 Steguut

1590 5751 1645 5805 36*
