4336 6262
321 311 361 372 78
625 301 818 358 OPVSCVLA
837 300 1032 357 VENANTIO
1050 300 1278 358 FOR'I'VNATO
1297 297 1401 357 MALE
1419 300 1642 358 A'lTRlBVTA

320 495 494 560 decretum.
552 495 613 574 (45(
642 491 791 558 Vniuersi
818 511 955 574 namque
984 493 1038 575 qui
1065 491 1202 557 aderant
1230 492 1361 558 beatum
1392 492 1568 558 Leobinum
1600 513 1663 558 non
1692 495 1795 560 solum
1828 515 1849 558 a
1882 513 1968 577 rege

320 597 419 664 seda
442 596 503 662 deo
527 615 599 662 esse
623 597 759 660 electum
783 595 883 660 alacri
906 595 1002 661 corde
1024 596 1183 662 laetantes
1206 615 1345 662 consono
1368 616 1423 662 ore
1445 603 1477 662 et
1499 598 1648 664 concordi
1663 604 1735 664 voto
1751 598 1968 664 conclamare

319 708 493 785 coeperunt
521 720 594 766 eum
625 699 781 765 cathedra
807 698 984 784 episcopali
1008 698 1042 764 in
1071 699 1274 766 successione
1301 700 1401 766 affore
1431 698 1575 782 dignum.
1629 702 1689 784 (46(
1717 701 1755 765 In
1786 701 1849 766 hac
1880 720 1969 784 ergo

319 805 477 870 electione
507 824 578 870 cum
609 801 778 868 universus
808 802 1002 868 consentiret
1030 803 1183 887 populns,
1217 802 1303 884 quod
1325 823 1389 869 non
1411 803 1534 887 absque
1555 804 1658 871 livore
1680 803 1824 870 invidiae
1848 811 1968 870 actum

214 921 216 924 ·
319 926 391 973 esse
414 906 585 988 credimus,
611 905 743 990 quidam
766 904 987 990 episcopomm
1011 913 1184 990 coeperunt
1206 906 1356 973 resistere
1378 913 1411 972 et
1426 906 1645 974 contradicere
1659 907 1729 974 eius
1744 906 1962 986 ordinationi,
1992 923 2007 962 ⁵

319 1029 357 1076 eo
379 1011 466 1093 quod
489 1010 617 1076 modica
639 1029 716 1094 pars
740 1009 828 1075 naris
851 1009 1012 1092 quondam
1035 1009 1239 1075 incumbente
1262 1009 1368 1076 cancri
1391 1008 1593 1092 aegritudine
1612 1011 1761 1078 mutilata
1776 1011 1965 1077 videretur.

319 1114 385 1179 Sed
408 1133 485 1180 uoee
508 1113 650 1180 omnium
673 1113 867 1178 unanimiter
888 1113 1156 1178 conclamantium
1180 1133 1335 1198 oppressa
1354 1113 1500 1179 invidiae
1521 1113 1668 1180 illatione
1690 1121 1723 1180 et
1743 1113 1874 1200 penitus
1891 1113 1969 1180 fru-

319 1223 437 1299 strata,
470 1217 519 1282 vir
549 1223 680 1283 sanctus
703 1216 880 1283 secundnm
904 1215 957 1282 dei
980 1214 1255 1301 dispensationem
1278 1223 1310 1282 et
1330 1216 1442 1301 populi
1465 1217 1654 1284 electionem
1676 1216 1877 1284 ordinandus
1902 1216 1969 1282 de-

318 1322 467 1387 cernitur.

238 1429 299 1494 XV
414 1426 475 1508 (47)
502 1425 630 1489 Interea
659 1423 791 1506 quidam
820 1422 948 1488 illorum
976 1421 1114 1488 scientes
1136 1424 1266 1490 beatum
1289 1423 1468 1489 Leobinum
1491 1424 1534 1489 ad
1555 1424 1761 1509 episcopatus
1782 1443 1846 1488 non
1871 1424 1968 1489 velle
1993 1441 2025 1486 ro

318 1527 536 1594 conscendere
560 1526 763 1611 dignitatem,
791 1526 925 1592 consilio
946 1525 1025 1593 inito
1048 1525 1204 1592 miserunt
1224 1527 1268 1591 ad
1290 1547 1374 1608 eum,
1401 1533 1437 1593 ut
1457 1525 1599 1611 aliquem
1622 1527 1663 1592 de
1679 1526 1746 1593 suis
1761 1526 1966 1592 monachum

317 1631 496 1717 pontificali
518 1630 623 1697 infula
646 1630 779 1713 dignum
803 1629 850 1695 eis
873 1629 1104 1696 transmitteret
1126 1630 1351 1696 ordinandum.
1403 1631 1464 1714 (48(
1492 1630 1535 1696 At
1556 1631 1613 1696 ille
1635 1631 1772 1697 libenter
1786 1629 1966 1696 confestim

318 1755 427 1801 eorum
459 1733 554 1800 dictis
577 1734 804 1817 obtemperans
827 1731 961 1818 deputat
983 1753 1082 1798 unum
1105 1752 1145 1798 ex
1169 1733 1236 1798 suis
1258 1733 1428 1818 discipulis
1450 1739 1559 1801 tantae
1582 1731 1776 1799 ordinationi
1796 1732 1967 1798 invehen-

318 1838 405 1920 dum,
432 1838 595 1903 instruens
618 1843 650 1902 et
674 1836 803 1917 docens,
830 1835 968 1919 qualiter
991 1856 1026 1901 se
1048 1837 1083 1902 in
1105 1835 1260 1919 regimine
1283 1856 1381 1921 agere
1405 1836 1537 1903 deberet
1559 1846 1592 1904 et
1613 1837 1646 1903 in
1667 1835 1846 1902 sanctitatis
1862 1835 1966 1920 apice

318 1942 482 2008 exhibere.
531 1939 597 2007 Sed
628 1939 728 2005 frater
754 1940 869 2005 nolens
901 1940 990 2005 solus
1014 1940 1083 2005 sine
1106 1939 1236 2005 abbatis
1258 1940 1309 2006 sui
1331 1940 1516 2025 praesentia
1539 1939 1587 2005 illi
1609 1939 1743 2006 concilio
1765 1958 1960 2024 properare,
1992 1965 2024 2005 ra

318 2045 435 2111 obnixe
458 2043 635 2130 postulavit
656 2063 748 2124 eum,
775 2049 810 2107 ut
833 2062 904 2108 curn
927 2042 998 2126 ipso
1020 2043 1099 2109 illuc
1121 2043 1242 2128 pariter
1263 2050 1424 2130 pergeret.
1477 2045 1537 2128 (19(
1565 2044 1708 2127 Surgens
1730 2042 1831 2125 igitur
1853 2060 1979 2108 saner

319 2148 480 2234 profectus
505 2153 555 2212 est
577 2147 672 2211 simul
696 2153 728 2212 et
750 2145 898 2230 pervenit
914 2146 1070 2226 carnotis,
1098 2145 1369 2229 quemadmodum
1392 2147 1434 2213 ab
1456 2166 1494 2213 eo
1517 2145 1622 2212 fuerat
1644 2145 1847 2231 deprecatus.
1895 2145 1964 2223 Qui

319 2273 390 2318 cum
412 2251 446 2316 in
469 2249 608 2332 quadam
631 2249 798 2315 mansione
821 2248 1037 2333 hospitaretur
1060 2257 1093 2316 et
1114 2249 1250 2316 vidisset
1272 2258 1365 2317 nocte
1387 2251 1421 2316 in
1444 2249 1564 2316 somnis
1583 2250 1804 2334 pavimentum
1819 2248 1966 2314 nucibus

319 2362 472 2436 stratum,
502 2352 613 2419 divina
636 2359 670 2418 ut
694 2352 853 2418 credimus
875 2353 1018 2418 iussione
1042 2353 1072 2418 ci
1094 2353 1273 2419 iniunctum
1295 2361 1361 2436 est,
1390 2361 1549 2437 qnatenus
1571 2352 1754 2419 emundatis
1777 2351 1871 2418 testis
1895 2373 1966 2416 nu-

318 2460 422 2524 cleum
446 2457 508 2523 sibi
529 2455 666 2522 nitidum
689 2462 877 2522 reservaret.
930 2459 991 2539 (50)
1019 2456 1196 2523 Transacto
1218 2456 1317 2540 igitur
1338 2457 1441 2523 noctis
1462 2451 1617 2543 tempore,
1643 2477 1715 2522 curn
1730 2457 1764 2522 in
1779 2454 1964 2520 crastinum
1988 2480 2022 2522 ao

318 2562 417 2628 vellet
439 2561 555 2627 offerre
577 2559 779 2641 monachum,
806 2565 842 2624 ut
863 2561 904 2625 ab
927 2579 966 2625 eo
990 2560 1184 2644 postulatum
1208 2559 1322 2641 fuerat,
1350 2561 1539 2645 episcopum
1562 2559 1774 2626 ordinandum
1797 2564 1829 2624 et
1843 2558 1964 2643 populi

318 2684 493 2731 consensus
523 2684 586 2732 non
616 2682 689 2729 esse
720 2662 908 2728 decerneret
934 2662 1170 2746 recipiendum,
1204 2663 1290 2748 regis
1318 2663 1459 2730 edictum
1489 2664 1563 2730 ilico
1585 2665 1619 2728 in
1641 2663 1783 2729 medium
1806 2667 1857 2728 est
1879 2681 1964 2746 pro-

318 2770 417 2836 latum
448 2775 480 2834 et
509 2767 585 2833 inde
614 2766 797 2848 recitatum,
831 2764 917 2848 quod
947 2765 989 2831 ad
1018 2766 1105 2849 regis
1134 2767 1305 2851 imperium
1335 2773 1368 2833 et
1390 2766 1488 2833 totius
1510 2767 1623 2851 populi
1646 2773 1753 2832 votum
1777 2765 1962 2831 Leobinum

317 2878 477 2958 oporteret
505 2871 693 2957 episcopum
723 2868 948 2936 ordinandum.
1008 2871 1068 2953 (51(
1103 2871 1178 2954 Ipse
1207 2890 1283 2936 vero
1313 2891 1453 2937 renuens
1482 2878 1515 2936 et
1542 2871 1710 2953 indignum
1741 2889 1777 2935 se
1805 2868 1964 2935 iudicans

317 2975 399 3042 tanti
423 2975 590 3059 regiminis
613 2974 778 3060 suscipere
802 2993 921 3054 curam,
948 2971 992 3038 ad
1014 2972 1115 3058 pedes
1132 2973 1354 3059 episcoporum
1370 2981 1534 3058 porrectus
1551 2973 1742 3054 extenditur,
1770 2972 2019 3040 excusatio-as

317 3099 390 3144 nem
414 3096 580 3164 opponens
603 3076 686 3143 illud
708 3075 793 3161 quod
815 3077 1023 3162 imponebant
1045 3096 1106 3142 nec
1127 3077 1262 3162 implere
1284 3097 1378 3162 posse
1401 3097 1462 3143 nec
1484 3077 1638 3161 perficere
1653 3096 1743 3161 opus.
1797 3077 1859 3156 (52(
1888 3077 1963 3143 Sed

317 3182 548 3249 reluctantibus
579 3179 726 3247 omnibus
755 3188 853 3262 atque
877 3180 947 3247 eius
970 3180 1172 3246 excusationi
1194 3201 1258 3246 non
1280 3180 1581 3264 adquiescentibus,
1615 3180 1773 3246 somnium
1795 3180 1883 3261 quod
1906 3180 1963 3244 vi-

318 3285 410 3351 derat
431 3304 574 3369 congrua
597 3283 860 3368 interpretatione
883 3283 1052 3365 conicitur,
1084 3275 1209 3350 scilicet
1229 3283 1317 3368 quod
1338 3305 1398 3368 per
1420 3284 1571 3350 nucleum
1593 3304 1614 3349 a
1636 3283 1703 3349 suis
1724 3281 1817 3348 testis
1840 3301 1963 3348 arnun-

318 3387 429 3454 datum
451 3389 591 3473 populns
614 3386 764 3452 essetab
788 3406 826 3452 eo
849 3385 1021 3470 regendus,
1048 3387 1105 3470 qui
1129 3387 1275 3472 deposita
1297 3387 1384 3453 omni
1407 3381 1605 3453 austeritatis
1628 3385 1791 3469 rigiditate
1806 3384 1962 3466 qnando—

318 3512 379 3576 que
418 3497 505 3557 esset
543 3507 603 3555 suo*
637 3489 794 3574 regimine
829 3489 1037 3573 corrigendus
1070 3497 1284 3575 nectareoque
1318 3492 1368 3557 sui
1403 3490 1563 3574 dogmatis
1597 3490 1717 3574 pabulo
1750 3488 1957 3556 nutriendus.
1984 3513 2016 3551 ao

321 3597 382 3679 (53(
411 3595 539 3660 Exinde
571 3594 641 3660 sine
671 3613 760 3659 mora
792 3593 1019 3678 plaudentibus
1042 3594 1174 3679 populis
1197 3615 1235 3660 ac
1258 3595 1319 3660 deo
1341 3594 1375 3660 in
1398 3595 1537 3661 excelsis
1560 3593 1717 3662 maximas
1740 3592 1962 3660 referentibus

317 3699 415 3780 odas,
448 3698 612 3765 Leobinus
641 3717 735 3779 quem
766 3697 851 3762 rotis
879 3696 1027 3763 omnibns
1049 3698 1258 3782 postulabant
1280 3698 1473 3765 Camotinae
1497 3697 1585 3763 urbis
1607 3697 1765 3763 ecclesiae
1787 3695 1961 3762 ordinatus

317 3802 501 3887 praeficitur
532 3801 703 3886 episcopus
731 3805 763 3866 et
791 3807 901 3866 contra
924 3799 1044 3866 callida
1065 3800 1191 3885 antiqui
1211 3801 1315 3867 hostis
1338 3802 1597 3867 machinamenta
1619 3798 1822 3866 constituitur
1844 3806 1961 3882 pastor

317 3905 477 3989 egregius.
542 3905 605 3987 (54)
633 3902 695 3981 Qui
724 3909 838 3988 postea
867 3902 1004 3987 rigorem
1035 3903 1085 3969 sui
1118 3903 1274 3989 propositi
1302 3904 1522 3971 indeficienter
1551 3922 1684 3970 servans
1714 3901 1784 3968 sine
1814 3922 1959 3986 pompae

318 4007 529 4074 ostentatione
553 4007 745 4073 monachum
769 4025 804 4072 se
827 4013 863 4071 ut
884 4013 959 4072 ante
982 4007 1088 4072 fuerat
1110 4007 1143 4072 in
1160 4027 1218 4074 suo
1233 4008 1395 4092 proposito
1410 4006 1682 4094 perseverabilem
1699 4005 1956 4072 demonstrabat.
1981 4028 2014 4068 aa

219 4111 296 4176 XVI
410 4112 471 4194 (55)
499 4109 659 4195 Suscepta
686 4109 785 4194 igitur
814 4108 991 4193 pontificali
1021 4110 1204 4176 reverentia
1225 4111 1364 4195 qualiter
1386 4119 1582 4194 quantumve
1604 4129 1640 4176 sc
1662 4109 1800 4193 gesserit
1821 4108 1854 4173 in
1879 4109 1959 4193 lege

318 4212 542 4280 mandatorum
565 4212 628 4294 dei,
655 4213 826 4278 verborum
849 4211 1017 4278 affluentia
1039 4233 1103 4278 non
1126 4213 1223 4279 facilc
1247 4219 1296 4279 cst
1318 4213 1553 4280 disserendum.
1606 4214 1667 4295 (56(
1695 4213 1773 4278 Erat
1795 4211 1881 4276 enirn
1905 4213 1960 4278 vir

317 4316 533 4402 apostolicus,
568 4313 832 4400 splendidissima
862 4315 964 4381 veluti
994 4316 1113 4382 ardens
1142 4316 1177 4380 in
1203 4315 1296 4382 domo
1320 4317 1439 4383 domini
1462 4318 1608 4396 lucerna,
1644 4335 1788 4382 sermone
1816 4314 1954 4396 nitidus,

318 4421 470 4504 dogmate
487 4418 749 4501 facundissimus,
774 4417 1014 4503 praedicatione
1030 4419 1191 4502 egregius,
1218 4427 1324 4486 mente
1340 4440 1483 4504 serenus,
1501 4419 1592 4486 inira
1607 4418 1763 4504 patientia
1778 4418 1953 4504 benignus,

317 4523 533 4609 parsimoniae
563 4521 679 4588 studiis
709 4542 838 4606 semper
866 4522 1026 4602 intentus,
1060 4521 1301 4589 misericordiae
1331 4524 1482 4608 operibus
1506 4521 1749 4602 devotissimus,
1783 4523 1959 4606 angelicae
1980 4541 2014 4583 ⁴⁰

317 4647 445 4711 quoque
472 4625 630 4692 castitatis
653 4625 792 4691 candore
816 4625 1041 4710 supernivem
1065 4624 1237 4691 dealbatus
1259 4627 1464 4709 omniumque
1486 4626 1638 4692 virtmnm
1663 4625 1755 4711 copia
1777 4625 1900 4690 ditatus
1925 4635 1961 4694 et

318 4730 472 4816 euprepia
503 4729 672 4795 decoratus
701 4729 779 4794 vita.
826 4729 868 4793 Et
898 4736 933 4794 ut
961 4729 1149 4812 probaretur
1175 4749 1246 4796 csse
1270 4729 1323 4796 dei
1346 4730 1481 4813 amicus,
1507 4729 1614 4796 fidelis
1636 4749 1762 4814 quoque
1786 4747 1899 4794 servus
1924 4741 1959 4797 et

317 4833 469 4919 prudens,
498 4831 666 4917 sequentia
688 4831 877 4898 reserabunt
899 4831 1065 4896 miracula.

404 5096 418 5143 3
439 5092 509 5162 ergo]
528 5110 578 5144 om.
599 5095 622 5141 P
789 5093 805 5142 4
824 5095 985 5142 confiteretur
1006 5092 1026 5150 O
1184 5093 1297 5141 inuidiae
1315 5094 1395 5143 liuore
1416 5093 1437 5152 Q
1606 5091 1621 5142 8
1640 5090 1791 5162 secundum]
1809 5093 1845 5142 bia
1863 5109 1911 5144 ser.
1935 5095 1958 5154 Q

319 5180 347 5230 ll
369 5179 545 5239 ascendereO
663 5178 694 5228 13
714 5175 758 5245 cx]
777 5178 850 5236 deQ
957 5178 987 5227 15
1007 5180 1112 5228 consilio
1131 5181 1297 5242 properatio
1404 5180 1434 5230 17
1454 5182 1485 5229 ab
1503 5176 1543 5246 eo]
1561 5194 1609 5230 om.
1627 5181 1666 5241 (0(
1777 5177 1808 5228 18
1827 5179 1889 5228 dum
1911 5181 1954 5242 (Pi

318 5266 350 5316 ta
368 5262 507 5334 qnatenus]
526 5263 613 5326 omo
736 5263 769 5314 20
788 5271 898 5327 tempore
918 5266 997 5313 noctis
1018 5264 1039 5324 (1
1168 5264 1199 5314 22
1219 5267 1343 5329 prolatum
1362 5272 1400 5316 est
1419 5268 1446 5314 ln
1464 5266 1575 5315 medinm
1594 5264 1616 5324 0
1742 5265 1775 5316 il
1794 5265 1958 5336 episcopum]

316 5353 401 5411 omo
508 5353 541 5403 15
560 5349 700 5419 porrectos]
719 5350 805 5410 om.Q
909 5349 1070 5419 extenditur]
1088 5350 1223 5401 aradus
1326 5351 1358 5402 27
1378 5351 1602 5415 quiescentibuso
1707 5351 1740 5401 28
1759 5348 1814 5419 per]
1831 5353 1920 5413 cnao

316 5440 465 5498 testibusQ
583 5439 616 5490 39
634 5437 674 5507 eo]
693 5444 761 5490 esset
779 5437 891 5500 repeto
1004 5440 1049 5499 qni
1068 5465 1103 5474 -
1121 5437 1154 5487 30
1173 5435 1344 5506 corrlgendus]
1363 5437 1448 5497 opat)
1561 5438 1697 5498 3111ῶο
1814 5438 1958 5490 31111111)-

317 5526 418 5590 taqu
523 5526 555 5576 33
575 5526 700 5576 celllle
805 5525 837 5574 35
855 5539 901 5588 per
919 5538 947 5574 se
965 5525 1136 5574 uenerabilem
1158 5524 1186 5585 0¹
1293 5523 1371 5574 38111
1391 5524 1724 5584 domoardensiucernaQ
1829 5525 1863 5575 to
1883 5541 1958 5590 spar-

317 5612 478 5672 simonian
584 5611 617 5661 «il
637 5608 701 5678 nita]
720 5609 807 5668 111110
913 5607 1119 5676 sernus]om.0
1801 5615 1802 5618 ’
