4456 6202
370 323 512 387 XXVIII
1069 318 1299 375 PROOEMtth.

454 546 607 612 Codicum
631 543 693 611 duo
716 563 837 629 genera
858 543 1109 628 distinguuntur,
1135 564 1273 629 quorum·
1293 542 1388 610 alteri
1411 543 1510 610 libros
1531 543 1672 628 MNQB,
1699 543 1793 610 alteri
1816 544 1870 609 PR
1891 511 2009 610 tribui.

369 668 400 733 N
423 687 463 734 ex
485 667 557 752 ipso
579 665 612 731 Μ
636 665 718 734 forte
741 665 936 751 exscriptum
959 683 1044 748 esse,
1069 664 1136 731 ianr
1160 684 1258 751 supra
1281 664 1365 744 dixi;
1392 665 1468 732 item
1491 664 1521 743 Q
1542 669 1575 730 et
1596 665 1623 730 B
1646 685 1721 731 curn
1743 664 1775 729 Μ
1798 664 2007 747 conueniunt,

367 794 403 854 ut
424 787 511 854 infra
532 810 566 874 p.
585 791 636 871 70,
657 800 671 848 t
695 790 803 852 incesti
823 805 945 850 vomens
967 785 1010 870 Μ,
1038 789 1154 871 tnpestu
1177 807 1315 850 evomens
1338 785 1368 864 Q
1389 805 1446 871 pro
1470 789 1585 872 t'npentr'
1605 805 1737 867 vomens,
1773 807 1805 871 p.
1826 789 1876 869 76,
1896 797 1913 847 t
1938 806 2011 850 ser-

367 919 441 973 octa
464 909 525 974 ΜΒ
547 928 604 994 pro
627 917 748 989 scruto,
783 927 816 993 p.
835 908 888 990 69,
909 918 940 969 19
964 909 1078 971 ditante
1100 927 1207 990 sopore
1228 907 1278 985 M,
1312 908 1429 971 ditente
1450 928 1588 991 soporem
1610 905 1655 990 Q,
1689 908 1821 971 ditantes
1844 907 2010 990 supcreB

366 1049 424 1114 pro
446 1030 578 1094 ditantes
601 1049 701 1114 opere.
741 1027 854 1112 Neque
877 1026 998 1105 ueroQ
1019 1027 1166 1111 nequcB
1186 1047 1228 1096 cx
1242 1027 1275 1093 Μ
1297 1024 1400 1112 fluxit,
1426 1026 1545 1115 quippe
1567 1025 1623 1113 qui
1645 1026 1730 1094 infru
1752 1047 1785 1113 p.
1805 1029 1855 1109 72,
1876 1039 1892 1090 o
1915 1027 2009 1094 solus

365 1149 445 1216 hiet.
485 1148 636 1216 Codicum
659 1150 686 1214 B
709 1148 849 1235 pessime
872 1146 1083 1233 depravatum
1106 1155 1205 1232 atoue
1226 1147 1465 1234 interpolatum,
1491 1168 1563 1214 cum
1586 1148 1690 1215 bonae
1713 1146 1817 1231 frugis
1838 1147 1920 1213 nihil
1943 1147 2010 1213 ha-

365 1271 456 1352 beat,
488 1289 553 1336 non
575 1269 703 1353 curavi,
736 1269 798 1335 nisi
820 1267 906 1354 quod
928 1268 1035 1334 locunr
1057 1268 1112 1353 qui
1134 1268 1168 1334 in
1190 1268 1224 1334 Μ
1246 1267 1449 1336 desideratur
1471 1289 1543 1336 oum
1567 1287 1605 1336 co
1627 1269 1762 1336 contuli.
1807 1269 1895 1335 Inter
1917 1269 1949 1334 Μ
1973 1278 2009 1336 01

366 1389 394 1468 Q
423 1390 478 1457 vix
507 1389 753 1476 disceptandum
784 1396 870 1473 erat,
901 1395 976 1456 cum
996 1389 1029 1453 M
1051 1395 1085 1455 et
1106 1388 1296 1473 antiquitate
1319 1396 1463 1476 praestet
1484 1396 1517 1458 et
1537 1390 1638 1456 multo
1660 1390 1842 1456 stauratius
1864 1389 2008 1476 scriptus

365 1509 418 1576 sit.
464 1507 527 1587 Qui
556 1516 680 1578 restant
707 1509 781 1577 libri
804 1511 859 1575 PR
888 1516 1012 1577 textmn
1040 1510 1209 1593 vulgatum
1237 1510 1417 1594 continent,
1453 1509 1578 1577 scilicet
1603 1511 1689 1576 male
1719 1510 1905 1597 expolitum.
1953 1510 2007 1577 Ibi

364 1630 511 1699 Mcdnrdi
533 1638 624 1718 pater
645 1630 846 1714 Nectardus,
873 1637 976 1698 mater
997 1629 1151 1716 Protagia
1172 1630 1374 1718 appellatur,
1399 1631 1479 1717 quin
1502 1630 1599 1698 immo
1621 1630 1695 1698 linis
1717 1631 1821 1698 libelli
1844 1638 1928 1698 totus
1951 1631 2007 1698 di-

364 1771 478 1819 versus
500 1759 562 1819 est.
609 1753 722 1836 Neque
749 1772 826 1820 vero
854 1751 890 1820 id
922 1751 1067 1818 codicum
1096 1771 1200 1836 genus
1222 1752 1319 1837 plane
1341 1751 1582 1836 neglegendum
1605 1759 1692 1834 erat,
1725 1773 1796 1819 eum
1820 1751 1899 1819 locis
1922 1773 2007 1818 non-

363 1872 464 1938 nullis
486 1873 577 1952 MQB
599 1873 771 1940 manifesto
794 1872 933 1959 corrupti
957 1879 1078 1940 essent.
1117 1873 1167 1938 le
1190 1874 1218 1938 R
1239 1892 1404 1959 perpauca
1424 1880 1549 1940 tautum
1572 1872 1739 1959 exscripsi,
1766 1892 1837 1940 cum
1860 1872 2008 1940 schedae

363 1994 573 2076 Parisienses,
602 2001 770 2080 postquem
793 1994 948 2080 plagulae
970 1993 1059 2079 typis
1080 1991 1145 2059 iam
1168 2012 1344 2080 expressae
1366 2000 1457 2077 sunt,
1484 1993 1565 2060 mihi
1587 1995 1786 2061 offerrentur.
1832 1993 1948 2078 Itaque
1970 1994 2007 2060 in

362 2114 449 2181 notis
470 2115 574 2182 textui
597 2114 752 2182 subiectis
775 2120 847 2201 post
869 2113 1010 2180 litteram
1034 2114 1059 2177 P
1082 2133 1211 2199 semper
1232 2116 1260 2180 R
1281 2113 1397 2182 addas.
1438 2115 1607 2182 Rationem
1630 2120 1738 2182 sutem
1762 2114 1921 2181 scribendi
1945 2136 2006 2182 ve-

363 2233 531 2301 tustissimi
562 2235 681 2302 codicis
705 2235 737 2300 M
767 2241 898 2302 secutus
929 2254 1014 2316 sum,
1051 2235 1171 2320 quippe
1201 2255 1285 2318 quae
1308 2236 1350 2302 ab
1372 2255 1434 2301 usu
1457 2236 1581 2302 saeculi
1603 2236 1664 2302 VII
1685 2235 1731 2301 in.
1757 2235 1844 2301 baud
1865 2235 2005 2302 multum

363 2354 471 2422 distet.

938 2615 982 2698 X.
1017 2615 1129 2700 VIIA
1157 2617 1194 2700 S.
1222 2614 1420 2699 1116111111.
1500 2695 1504 2702 .

447 2805 554 2872 Vitam
577 2804 711 2873 Leobini
734 2805 942 2872 carnotensis
964 2805 1109 2892 episcopi
1132 2812 1166 2872 ut
1188 2806 1364 2872 Fortunato
1388 2805 1551 2887 tribueret,
1578 2825 1618 2872 ea
1640 2805 1720 2888 sola,
1746 2805 1869 2890 opinor,
1901 2803 2021 2872 eausa

361 2926 513 2994 Valesius
535 2919 710 2993 commotus
733 2933 793 3010 est,
819 2926 905 3011 quod
927 2945 1031 2993 sermo
1047 2925 1270 2992 Fortunatiani
1296 2929 1375 2992 ‘non
1394 2927 1491 3012 plane
1506 2925 1664 2993 absimilis
1681 2925 1832 3006 videtur’3
1859 2925 2002 2994 inlibris

360 3053 470 3112 autern
492 3067 590 3113 manu
613 3047 739 3133 scriptis
757 3053 869 3114 auctor
884 3047 993 3112 nullus
1009 3046 1171 3113 laudatur.
1211 3044 1405 3129 Itaqueiam
1421 3047 1593 3133 scriptores
1608 3046 1761 3112 historiae
1777 3045 1838 3113 litt.
1856 3047 2002 3115 Franco

360 3167 499 3252 gallicae
518 3167 578 3252 III,
604 3171 665 3233 357
689 3168 810 3235 reiecta
833 3166 954 3234 Valesii
983 3167 1166 3234 coniectura
1194 3187 1259 3233 non
1289 3165 1369 3233 satis
1396 3166 1531 3234 fundata
1553 3167 1646 3234 Vitae
1668 3168 1853 3254 scriptorem
1876 3169 2002 3235 Carno-

359 3289 443 3356 tensi
470 3289 628 3356 ccclesiae
650 3288 847 3375 adscriptum
870 3288 971 3355 fuisse
994 3288 1204 3375 probabiliter
1226 3286 1440 3356 coniecerunt.
1487 3288 1569 3355 Cum
1592 3288 1701 3375 capitu
1722 3288 1877 3355 nonnulla
1904 3281 2001 3373 (infra

359 3431 392 3494 p.
418 3413 558 3494 75-77)
594 3431 666 3477 oum
689 3409 764 3476 Vita
784 3408 873 3475 Aviti
895 3408 1099 3476 Miciaceusis
1126 3408 1254 3476 abbatis
1283 3408 1492 3491 conveniant,
1526 3407 1731 3476 Bollsndiani
1761 3416 1929 3494 utramque
1956 3412 2000 3476 ab

360 3529 474 3597 eodem
504 3531 656 3617 scriptum
686 3551 759 3598 esse
789 3536 978 3596 statuemnt.
1026 3528 1184 3614 Eouidcm
1214 3531 1323 3596 nullus
1352 3529 1482 3612 dubito,
1514 3529 1593 3613 quin
1623 3529 1759 3615 scriptor
1780 3531 1873 3596 Vitae
1895 3531 1996 3615 Aviti,

360 3672 454 3736 quem
485 3651 585 3719 ferme
615 3671 769 3718 coaevum
797 3650 900 3716 fuisse
922 3649 1128 3716 Bollandiani
1158 3651 1244 3716 male
1266 3649 1488 3730 crediderunt,
1524 3669 1564 3716 en
1586 3650 1662 3716 Vita
1682 3650 1816 3717 Leobini
1839 3651 1994 3732 hauserit,

360 3779 395 3838 ut
418 3771 565 3856 Gregorii
588 3791 715 3857 quoque
739 3771 820 3839 libro
843 3771 876 3836 in
900 3770 1011 3838 Gloria
1034 3770 1126 3837 Conf.
1152 3790 1180 3836 c.
1207 3773 1247 3834 97
1271 3790 1349 3836 usus
1372 3779 1431 3838 est.

360 3894 385 3957 P
516 3895 625 3961 Codex
648 3892 839 3961 Parisiensis
861 3892 995 3960 Latinus
1018 3913 1067 3958 nr.
1094 3894 1197 3977 5286,
1231 3891 1285 3958 fol.
1316 3897 1500 3975 145-151,
1534 3911 1619 3958 saec.
1643 3892 1708 3957 XII
1731 3891 1837 3959 Vitam
1860 3892 1999 3959 Leobini

567 3998 727 4082 integram
749 3995 902 4079 continet,
928 4017 1025 4082 quarn
1048 3995 1122 4062 Vita
1144 3997 1249 4062 Focae
1272 3996 1427 4079 sequitur.
1452 4034 1495 4043 —
1516 3996 1665 4063 Molinicr
1688 3996 1831 4062 contulit.

359 4100 388 4177 Q
515 4101 624 4168 Codex
638 4101 983 4170 Parisiensialatinm
1005 4122 1054 4166 nr.
1077 4103 1192 4184 15437,
1218 4100 1275 4165 101.
1296 4096 1485 4183 178-186,
1511 4120 1598 4167 saec.
1618 4101 1675 4182 XI,
1702 4107 1823 4167 textum
1847 4100 1997 4166 mutilum

566 4205 723 4288 continet,
765 4224 836 4272 cunr
868 4225 940 4290 cap.
971 4209 1020 4272 10.
1048 4209 1099 4270 11.
1129 4208 1179 4270 17.
1209 4206 1258 4269 18.
1285 4207 1413 4269 26-23
1444 4203 1677 4271 desiderentur.
1711 4241 1753 4250 --
1782 4204 1822 4269 A.
1849 4202 1998 4270 Schoene

567 4307 711 4375 contulit.

446 4429 620 4495 Praeterea
641 4427 770 4496 codices
792 4430 1009 4497 Carnutenses
1032 4450 1080 4495 nr.
1103 4433 1163 4492 150
1179 4433 1211 4495 ct
1230 4431 1299 4511 163,
1327 4448 1414 4495 saec.
1432 4428 1480 4492 XI
1502 4427 1536 4493 in
1559 4427 1678 4494 Archiv
1700 4428 1787 4511 VIII,
1810 4448 1844 4514 p.
1863 4430 1926 4492 388
1943 4449 1995 4514 sq.

359 4557 392 4616 et
414 4549 606 4616 Parisiensis
629 4549 844 4616 bibliothecae
866 4551 1003 4616 Arsenal
1026 4571 1074 4616 nr.
1101 4553 1142 4614 43
1165 4549 1199 4615 10
1220 4549 1341 4616 Archiv
1363 4550 1450 4632 VIII,
1477 4571 1511 4635 p.
1537 4551 1599 4615 358
1623 4556 1920 4616 commemorentur.
2031 4549 2035 4557 '

514 4673 681 4751 Ducbesnc,
707 4674 864 4736 Historiae
887 4676 1077 4736 Francorum
1100 4674 1266 4753 scriptores
1280 4673 1455 4751 0000100101,
1490 4673 1619 4734 Parentis
1644 4674 1736 4751 1656,
1769 4669 1794 4754 Ι,
1821 4673 1882 4734 537
1908 4671 1999 4738 locos

565 4774 721 4860 quosdam
749 4779 804 4842 ‘ex
820 4774 895 4842 Vita
909 4775 970 4842 Ms.
989 4775 1093 4842 sancti
1109 4773 1243 4841 Leobini
1259 4773 1402 4859 episcopi
1418 4773 1637 4840 Caruotensis'
1660 4772 1772 4840 edidit.
1812 4771 1932 4840 Codice
1945 4774 2000 4840 in-

564 4886 655 4963 tegro
678 4879 861 4946 01Ρο000
884 4885 943 4945 cst.
1538 4897 1541 4904 ’

514 4985 630 5067 10110,
661 4986 747 5048 Nova
769 4984 945 5048 51111515οο0
966 4987 1263 5066 manuscriptorum,
1300 4985 1430 5046 Parisiis
1454 4985 1548 5062 1667,
1583 4981 1624 5063 ΙΙ,
1652 4984 1715 5046 582
1745 4980 1865 5067 primus
1888 4981 1999 5048 Vitam

564 5088 721 5171 integram
744 5087 866 5172 publici
888 5086 967 5153 iuris
989 5086 1077 5154 fecit.

514 5193 694 5272 Bottcndns,
720 5188 798 5255 Acta
820 5200 1007 5275 sanctorum,
1040 5190 1343 5273 decooperuerunt,
1376 5190 1469 5256 Mart.
1494 5188 1537 5271 ΙΙ,
1565 5191 1639 5270 356,
1676 5187 1891 5254 ι0100100110
1915 5209 1997 5258 mss.

566 5300 689 5362 erutam
713 5293 755 5359 ab
777 5293 910 5361 Andron
933 5293 984 5390 du
998 5293 1151 5377 Chesne',
1184 5293 1238 5378 qui
1268 5293 1317 5359 illi
1347 5291 1486 5359 schedas
1517 5311 1593 5358 suas
1615 5291 1852 5374 transmiserat,
1887 5292 2000 5362 Vitam

566 5397 678 5465 edidit.

515 5504 679 5584 Μο111100,
714 5501 789 5567 Actu
812 5511 987 5567 sanctornm
1011 5504 1129 5567 ordinis
1152 5506 1186 5566 S.
1212 5503 1375 5583 Benedicti,
1412 5504 1541 5565 Parisiis
1565 5504 1659 5582 1668,
1693 5499 1786 5565 Sacc.
1812 5497 1837 5580 Ι,
1868 5501 1929 5565 123
1953 5503 2000 5568 ad

566 5606 692 5672 codices
715 5605 984 5673 Vindocinensem
1007 5611 1039 5672 et
1061 5607 1283 5673 Concbensem
1305 5612 1427 5672 textum
1451 5604 1622 5672 recensuit.
