4478 6188
597 314 816 373 SPVRIORVM
834 313 1028 372 APPENDIX
1050 314 1082 381 (I.
1102 315 1141 372 IN
1160 313 1275 371 LAVD.
1296 312 1466 378 mareins).

549 526 747 592 exsuperans
770 513 879 592 portae
902 507 979 574 Sion
1001 507 1172 592 splendore
1195 527 1343 590 corusco,

635 617 724 677 stans
746 612 860 677 merito
883 610 959 677 fidei
981 631 1109 694 gemma
1132 612 1272 697 superba
1293 611 1416 694 throni,
1500 634 1501 637 ¹
1596 607 1598 612 ’

447 735 495 777 rae
549 734 603 779 ore
625 714 710 781 diem
733 715 899 796 iaculans,
925 713 1034 780 radios
1056 735 1077 780 a
1099 715 1203 782 fronte
1225 715 1400 799 sagittans,

635 818 810 886 luminibus
832 817 936 884 rutilis
959 818 1071 907 lumen
1089 818 1209 886 honore
1232 825 1359 901 rotans,

549 920 709 986 sidereum
732 923 915 1007 speculum,
941 911 1087 989 inlustris
1110 921 1224 989 domus
1248 921 1490 1007 omnipotentie,

634 1025 776 1091 vultibus
799 1046 841 1091 ex
862 1025 930 1091 illis
953 1025 1084 1110 fulgura
1105 1026 1195 1091 clara
1216 1026 1340 1112 ferens,

550 1147 665 1193 nomen
689 1127 895 1213 honoratum,
921 1129 1092 1195 benedicta
1113 1129 1216 1194 Maria
1238 1149 1297 1214 per
1317 1149 1451 1210 aevum,

448 1254 496 1295 reo
636 1231 678 1296 ad
700 1230 830 1298 laudem
852 1231 985 1298 artificis
1007 1231 1124 1299 nobilis
1146 1232 1226 1298 artis
1247 1251 1345 1319 opus,

550 1335 654 1401 dulcis
676 1343 709 1401 et
730 1336 878 1421 angelico
900 1336 1040 1421 pretiosa
1062 1335 1172 1422 puelle
1194 1337 1315 1418 relatu,

636 1459 747 1508 omncs
770 1441 854 1507 ultra
875 1440 1022 1508 homines
1044 1439 1129 1506 dona
1151 1438 1276 1508 decoris
1297 1440 1438 1524 habens,

549 1543 625 1608 inde
648 1543 763 1610 rubore
786 1563 894 1627 rosas,
921 1543 1060 1610 candore
1083 1544 1158 1609 hinc
1180 1543 1250 1610 lilia
1271 1543 1420 1626 vincens,

635 1645 696 1712 flos
718 1668 821 1713 novus
844 1667 885 1713 ex
905 1655 1008 1731 terra,
1034 1647 1119 1731 quod
1141 1649 1234 1733 polus
1257 1667 1331 1714 aree
1354 1648 1456 1729 colat,

484 1777 497 1816 c
551 1751 739 1835 crystallum
761 1751 915 1818 electrum
937 1772 1051 1817 aurum
1073 1758 1194 1818 ostrnm
1216 1752 1337 1818 coneha
1360 1752 1437 1817 elba
1458 1750 1668 1836 zmaragdus:

637 1876 699 1940 quo
722 1864 778 1923 tua
798 1856 901 1922 forma
922 1856 1018 1938 nitet,
1046 1864 1160 1922 cuncta
1182 1857 1315 1923 metalla
1336 1857 1453 1924 iacent.

551 1959 606 2025 nix
628 1960 781 2045 premitur
802 1959 940 2026 candore
962 1967 1032 2040 tuo,
1059 1961 1107 2026 sol
1130 1959 1227 2028 crinis
1248 1962 1384 2042 honore,

638 2064 820 2148 pallescunt
841 2063 940 2145 radii,
968 2063 1076 2147 virgo,
1102 2063 1217 2131 decore
1239 2065 1304 2148 tui,

551 2167 712 2251 lychnites
735 2166 834 2235 hebes
858 2175 922 2247 est,
951 2166 1037 2233 cedit
1058 2167 1117 2233 tibi
1139 2167 1268 2234 Lucifer
1289 2168 1423 2250 ardens,
1484 2229 1485 2232 ,

637 2271 784 2337 omnibus
806 2269 921 2337 officiis
943 2269 1093 2355 lampade
1115 2271 1335 2356 melereden,

552 2375 668 2442 occnlti
688 2374 724 2440 in
742 2374 838 2440 terris
861 2375 1053 2441 sacramenti
1075 2375 1204 2441 conseia
1226 2375 1360 2460 summi,

639 2486 672 2545 et
694 2485 819 2546 recreta
840 2478 906 2563 poli
929 2486 1004 2545 sunt
1024 2479 1186 2564 patefacta
1207 2479 1275 2545 tibi.

554 2581 671 2667 dignus
693 2603 773 2666 ager
795 2582 931 2664 domini,
959 2601 1120 2666 generans
1142 2584 1212 2650 sine
1235 2583 1357 2650 semine
1379 2582 1522 2667 frugem,

639 2693 672 2753 et
693 2706 753 2752 nee
774 2693 866 2752 arata
888 2705 983 2770 seges
1006 2705 1111 2753 messe
1133 2687 1259 2772 repleta
1281 2687 1408 2772 places,

554 2791 625 2857 sola
646 2791 716 2856 sine
738 2791 887 2876 exemplo
910 2789 1050 2857 fecunda
1071 2796 1104 2856 et
1124 2790 1227 2857 libera
1249 2811 1350 2876 nexu,

613 2956 616 2962 .
639 2895 753 2979 ignara
774 2895 926 2980 amplexu
949 2900 1051 2960 mater
1073 2894 1181 2981 opima
1202 2895 1291 2978 sinu,

553 3000 644 3083 virgo
666 2999 788 3064 intacta
809 3017 961 3078 manens,
987 2996 1063 3063 fidei
1085 2998 1230 3065 ubertate
1253 2999 1384 3084 marita,

638 3102 744 3168 inscia
765 3101 912 3185 coniugio
935 3102 1002 3168 feta
1023 3108 1162 3186 negante
1184 3102 1263 3167 viro.

554 3206 674 3292 accipis
696 3213 729 3272 et
750 3205 871 3272 nescis:
900 3206 947 3271 sic
968 3205 1095 3288 reddis,
1121 3210 1158 3271 nt
1176 3205 1303 3290 integre
1325 3212 1470 3288 constes3

623 3331 700 3376 ,nec
722 3310 842 3375 violata
863 3309 951 3393 paris
972 3329 1033 3376 nec
1054 3308 1208 3395 pariendo
1230 3310 1343 3376 doles:

554 3422 587 3481 et
608 3422 715 3480 tamen
738 3421 787 3478 est
809 3412 937 3498 genitus
960 3413 1041 3479 deus
1063 3420 1095 3478 et
1117 3413 1229 3497 homo,
1256 3434 1351 3481 verus
1374 3422 1406 3480 et
1428 3435 1528 3498 unus,

641 3517 771 3603 spiritus
794 3523 888 3601 atque
911 3537 985 3583 caro
1008 3517 1170 3600 Christus,
1196 3524 1364 3602 utrumque
1386 3539 1506 3603 genus,

555 3623 589 3689 in
612 3622 732 3688 deitate
754 3621 837 3708 patri
859 3621 1006 3705 aequalis
1028 3621 1081 3688 vel
1105 3641 1236 3707 corpore
1258 3622 1371 3706 matri,

643 3725 701 3793 sed
714 3724 793 3792 sine
816 3733 948 3811 peccato
971 3724 1012 3792 de
1033 3726 1196 3810 genetrice
1218 3745 1309 3809 caro,

473 3855 485 3894 e
556 3831 658 3897 faetor
679 3830 761 3896 dans
783 3831 909 3914 legem,
935 3829 1040 3896 iaetus
1063 3830 1123 3896 sub
1146 3831 1219 3915 lege
1242 3830 1401 3915 minister,

584 3993 587 4000 .
641 3934 713 4019 ipse
736 3941 829 4018 pater
849 3933 978 4014 mnndi,
1005 3933 1091 3998 filins
1112 3933 1183 4018 ipse
1205 3933 1282 3998 tibi:

557 4039 642 4105 nndc
664 4045 771 4118 tuum,
798 4043 917 4121 mater,
942 4056 1080 4121 generas
1099 4037 1212 4104 'natum
1234 4046 1331 4121 atque
1354 4045 1534 4123 parentem:

598 4211 604 4214 .
642 4143 717 4208 hinc
738 4142 878 4227 prolem,
903 4141 980 4208 inde
1001 4148 1141 4226 patrcm3
1167 4140 1228 4209 hoe
1250 4141 1349 4225 deus,
1373 4142 1456 4210 illud
1478 4143 1604 4210 humus.

557 4247 649 4314 cuius
671 4246 791 4313 honore
812 4265 904 4312 sacro
926 4244 1073 4330 genetrix
1094 4245 1296 4312 transcendis
1318 4245 1493 4332 Olympum
1535 4257 1536 4260 ’

457 4373 504 4414 niro
645 4358 677 4417 et
698 4369 795 4435 super
817 4350 992 4432 astrigeros
1014 4350 1113 4432 erigis
1135 4369 1191 4415 ora
1213 4351 1314 4435 proles.

558 4454 706 4521 conderis
727 4454 760 4519 in
782 4453 864 4520 solio
887 4453 966 4519 felix
988 4453 1101 4536 regina
1123 4471 1279 4538 snpemo‚

645 4557 785 4642 cingeris
808 4563 840 4623 et
861 4556 965 4623 niveis
987 4556 1093 4642 lactea
1113 4556 1204 4641 virgo
1226 4556 1348 4640 choris,

225 4753 636 4766 --—-——-————————

293 4875 344 4926 223
362 4891 504 4940 exuperans
522 4874 566 4934 Po
672 4872 830 4935 splendorP
932 4870 982 4921 226
1001 4871 1121 4920 lomenP
1222 4869 1272 4920 227
1293 4871 1426 4931 sydereum
1444 4885 1465 4922 e.
1486 4873 1592 4922 illustris
1606 4871 1629 4920 ’3
1733 4873 1854 4924 2284111-

225 4978 286 5024 gnre
306 4958 375 5028 002]
393 4964 488 5023 iulgorx
505 4960 606 5011 Preme
727 4959 777 5008 229
796 4958 931 5008 benedictn
954 4957 975 5016 O
1097 4955 1146 5008 233
1165 4959 1255 5006 rubore
1276 4954 1328 5024 OS]
1346 4959 1431 5008 robore
1449 4957 1519 5018 PQN
1633 4958 1682 5008 234
1701 4974 1783 5010 nouus
1801 4957 1853 5028 OS]

225 5063 303 5098 nouos
320 5047 392 5106 PON
492 5062 567 5110 quem
588 5046 617 5094 8¹
723 5047 781 5094 colit
803 5045 835 5094 0¹
951 5045 1001 5094 235
1020 5040 1179 5111 crystallum]
1196 5045 1334 5094 ensteilum
1352 5044 1423 5094 codd.
1447 5046 1653 5110 (crirstnllnml')
1761 5047 1853 5096 electe·

225 5135 323 5185 xnmN
427 5130 529 5200 conche]
547 5149 624 5182 conce
641 5130 713 5180 codd.
820 5133 889 5180 cibes
908 5131 939 5179 l'¹
1046 5132 1189 5181 zmereedus
1207 5130 1240 5193 G,
1260 5132 1406 5193 smaragdus
1424 5129 1454 5179 8⁸²
1569 5132 1619 5182 238
1637 5134 1780 5197 pallescunt
1801 5130 1854 5200 GS]

226 5223 363 5284 pallescent
382 5220 450 5279 PON
582 5219 633 5269 239
650 5215 788 5285 lychnites]
805 5220 905 5266 licnitee
924 5218 993 5267 codd.
1103 5209 1195 5266 'nabes
1216 5217 1237 5277 0
1360 5216 1409 5267 242
1429 5217 1487 5280 ipoii
1507 5215 1531 5266 N
1651 5219 1700 5269 243
1719 5222 1815 5282 frugem
1835 5221 1857 5268 P

227 5307 277 5358 244
295 5321 341 5362 nee
359 5304 439 5375 erate]
456 5322 503 5357 nee
520 5313 573 5356 arta
593 5304 667 5368 NOS,
688 5320 721 5354 ne
739 5313 806 5354 cesta
825 5304 868 5363 Po
982 5304 1032 5355 245
1051 5305 1102 5354 sole
1121 5305 1145 5353 P
1254 5305 1406 5354 secundeN
1521 5304 1571 5354 246
1588 5307 1675 5370 ignare
1694 5302 1752 5373 Po]
1769 5307 1855 5370 ignore

228 5393 294 5443 Nos
404 5395 538 5457 ampiexus
559 5393 686 5442 Fabricius
800 5394 875 5453 opine
894 5390 919 5440 N
1037 5391 1086 5442 247
1107 5393 1202 5442 intecto
1225 5392 1258 5441 6¹
1362 5394 1438 5442 merle
1456 5391 1487 5440 Gi
1611 5391 1661 5442 249
1679 5391 1717 5461 et]
1735 5399 1764 5443 ut
1782 5393 1853 5444 codd.

227 5481 277 5531 259
296 5483 372 5545 petris
391 5480 422 5528 P¹
538 5480 588 5530 252
607 5477 733 5541 adqueN
848 5477 897 5527 254
916 5475 972 5545 sed]
990 5477 1101 5528 sedleN
1202 5477 1361 5541 genitrices
1473 5479 1522 5528 257
1541 5480 1623 5541 adque
1642 5479 1666 5528 N
1767 5495 1856 5543 paren·

226 5574 281 5617 tum
300 5569 347 5617 NG
468 5567 519 5618 259
537 5570 629 5616 honore
648 5561 679 5631 S]
696 5579 745 5614 non
764 5579 805 5612 ore
822 5567 877 5612 reli.
1002 5567 1115 5628 genetrix
1139 5563 1170 5633 P]
1188 5568 1298 5627 genitrix
1317 5564 1368 5628 GS,
1388 5570 1509 5628 genetrex
1529 5565 1576 5625 ΟΝ
1694 5568 1816 5630 olimpum
1836 5568 1859 5616 P

228 5655 275 5704 261
297 5657 404 5718 superbo
425 5653 481 5724 GN(
1581 5657 1584 5664 “

305 5756 433 5798 Nenenene
447 5755 593 5798 ronrmrve
1616 5755 1649 5807 ⁴8
