4536 6196
1043 321 1211 378 VnnAN'rl
1229 319 1448 376 l'ORTVNA'l'l

768 511 796 576 si
818 511 896 577 foris
918 511 1016 593 isset,
1042 518 1112 578 erat
1134 511 1227 578 bomo
1248 511 1366 596 iugiter
1387 512 1519 577 intimus
1541 530 1651 591 orans,

767 616 858 681 eaelo
880 636 943 681 non
966 615 1086 696 carnis,
1113 615 1172 681 sed
1193 616 1329 682 tendens
1352 615 1475 681 lumina
1497 614 1613 680 cordis.

766 739 826 784 nec
848 719 942 785 dolus
964 718 1110 784 inclusus
1132 719 1226 784 latuit
1248 719 1370 786 neceb
1393 739 1447 785 ore
1469 717 1608 784 refluxit.

767 823 816 888 uir
838 823 906 888 sine
930 823 1118 902 mundanis,
1146 822 1266 889 domini
1289 823 1452 908 possessio
1475 822 1611 905 munda,

766 927 890 992 nullum
912 926 1030 993 indicio
1054 926 1228 1010 damnans,
1254 928 1341 993 mala
1362 928 1454 993 nulla
1475 946 1667 1013 repensans3

767 1030 846 1097 haec
870 1050 928 1096 sna
951 1030 1032 1098 forte
1055 1029 1134 1113 fuit,
1161 1031 1188 1096 si
1212 1030 1300 1096 fucta
1320 1031 1438 1096 iniuria
1460 1031 1551 1097 fratri
1573 1037 1633 1096 est.

766 1155 787 1199 a
808 1133 948 1199 minimis
970 1134 1060 1200 laeso
1081 1154 1147 1199 non
1169 1154 1320 1218 umquam
1343 1141 1412 1200 erat
1433 1135 1512 1201 ultio
1535 1133 1641 1200 dulcis

766 1236 871 1320 deque
893 1237 995 1321 gradu
1018 1237 1147 1322 proprio
1168 1256 1273 1320 neque
1295 1238 1438 1323 reppulit
1458 1238 1641 1304 officialem.

767 1361 859 1407 carus
882 1348 914 1406 et
935 1341 1096 1422 adversis,
1125 1341 1198 1426 pius
1221 1341 1350 1425 aequis,
1379 1341 1519 1408 blandus
1541 1341 1677 1424 iniquis,

766 1445 815 1510 ira
837 1451 941 1510 tumor
962 1445 1046 1510 risus
1067 1465 1192 1510 maeror
1215 1445 1303 1512 stetit
1324 1446 1400 1511 exul
1423 1446 1464 1512 ab
1486 1445 1552 1512 illo.

767 1549 885 1614 nonin
908 1547 1010 1614 fronte
1032 1555 1147 1615 tenens
1169 1549 1286 1615 nubem
1309 1549 1423 1615 necin
1447 1569 1501 1615 ore
1524 1549 1715 1616 cachinnum

766 1653 852 1718 idem
876 1672 1003 1736 semper
1025 1659 1094 1717 erat
1116 1652 1199 1718 facie
1222 1659 1296 1719 cute
1317 1652 1411 1720 corde
1434 1653 1555 1734 colore,

766 1776 826 1822 nec
848 1756 994 1821 variabat
1015 1774 1096 1840 opus
1119 1755 1168 1820 vir
1189 1755 1296 1822 adbuc
1317 1756 1351 1822 in
1374 1776 1503 1842 corpore
1526 1764 1694 1838 constans,

665 1905 668 1912 .
765 1861 934 1926 inmortale
956 1859 1080 1942 aliquid
1102 1860 1229 1926 mortali
1250 1861 1291 1926 ab
1313 1860 1454 1945 imagine
1476 1880 1636 1945 promens.

767 1986 823 2030 ora
845 1964 942 2045 deus,
970 1982 1101 2029 sensnm
1124 1964 1246 2048 pietas,
1273 1985 1338 2049 pax
1360 1964 1458 2030 corda
1479 1966 1624 2042 tenebat,

766 2089 823 2152 pro
846 2087 881 2133 se
903 2087 1005 2153 parva
1026 2087 1144 2151 gerens
1166 2067 1275 2133 aliena
1296 2068 1446 2134 misertus
1468 2070 1603 2152 agebat,

766 2179 900 2237 naturae
922 2177 957 2237 ut
978 2170 1095 2236 seriem
1116 2177 1311 2256 postponens
1333 2172 1470 2256 angelus
1493 2179 1590 2237 esset.

766 2276 833 2341 alta
855 2273 1121 2359 supergrediens,
1147 2282 1253 2341 mente
1277 2275 1360 2340 ultra
1382 2275 1493 2341 nubila
1514 2274 1650 2342 tendens

766 2378 847 2444 liber
867 2377 909 2443 ab
932 2378 1082 2444 humanis
1104 2378 1245 2446 intrabat
1268 2378 1375 2445 sidera
1398 2379 1489 2444 civis.

765 2481 879 2547 inclita
901 2481 994 2565 signa
1016 2501 1132 2566 gerens
1155 2489 1188 2548 et
1209 2483 1311 2547 multa
1332 2482 1441 2548 futura
1462 2483 1659 2568 prophetans

767 2586 873 2651 stabat
894 2585 1001 2651 adbuc
1022 2586 1116 2653 terris
1139 2587 1335 2652 caelestibus
1356 2586 1489 2652 intimus
1511 2585 1665 2667 haerens,

766 2708 902 2756 noscens
924 2689 1036 2754 clausa
1059 2689 1113 2755 dei
1134 2690 1228 2772 qnasi
1250 2689 1434 2756 consiliator
1456 2689 1568 2772 amici,

766 2813 837 2858 cum
861 2812 920 2859 sna
941 2792 1114 2878 participat
1135 2813 1209 2860 caro
1233 2802 1357 2860 secreta
1380 2794 1505 2872 clienti3

766 2897 816 2962 vir
838 2897 889 2962 cui
911 2896 1058 2963 Christus
1080 2918 1186 2978 amor,
1213 2897 1360 2964 Christus
1382 2897 1497 2978 bonor,
1525 2898 1632 2963 omnia
1654 2899 1818 2980 Christus,

766 3000 825 3067 ilos
848 3001 925 3066 odor
947 3019 1023 3066 esca
1045 3020 1141 3087 sapor
1163 3001 1234 3066 fons
1256 3002 1313 3066 lux
1336 3002 1389 3068 via
1411 3002 1517 3085 gloria
1539 3001 1702 3068 Christus:

766 3105 862 3171 buius
883 3105 917 3170 in
939 3105 1057 3170 affectu
1080 3105 1220 3171 insertus
1243 3104 1399 3171 solidatus
1421 3105 1551 3172 adultus

766 3229 804 3275 ac
826 3209 915 3275 velut
936 3209 1031 3274 arbor
1053 3209 1141 3294 agri,
1168 3229 1262 3275 secus
1285 3216 1335 3275 est
1356 3210 1412 3274 ubi
1434 3228 1546 3275 cursus
1569 3229 1740 3294 aquarum,

765 3312 842 3379 flore
865 3313 964 3378 cornis
987 3312 1072 3378 foliis
1096 3319 1128 3378 et
1150 3312 1254 3379 fructu
1276 3320 1409 3397 perpete
1431 3312 1577 3398 gaudens

765 3424 878 3484 ornata
900 3423 1051 3482 aeternae
1074 3416 1136 3482 fert
1158 3436 1252 3502 poma
1274 3417 1429 3502 perennia
1450 3418 1537 3483 vitae

765 3521 848 3586 inter
870 3520 1065 3605 apostolicas
1086 3520 1176 3586 acies
1198 3540 1369 3604 sacrosque
1392 3520 1565 3606 propbetas

766 3625 975 3710 martyriique
997 3625 1108 3691 choros
1131 3631 1227 3708 atque
1250 3624 1381 3708 agmina
1403 3624 1530 3707 fulgida
1552 3625 1651 3706 caeli,

766 3749 843 3812 rege
866 3728 925 3794 snb
946 3728 1065 3794 invicto
1088 3749 1152 3810 qua
1175 3728 1333 3794 exercitus
1355 3728 1412 3794 ille
1434 3735 1580 3794 coruscat

765 3854 823 3918 per
845 3839 984 3914 turmas,
1012 3851 1176 3916 proceres,
1203 3831 1348 3916 legiones
1372 3837 1470 3915 atque
1492 3832 1640 3897 cobortes

663 3958 712 3999 sao
766 3937 867 4002 milite
890 3956 947 4002 sen
970 3936 1085 4002 comite
1107 3943 1140 4003 et
1162 3935 1316 4021 gradibus
1339 3934 1419 4001 duce
1443 3936 1574 4002 consule
1597 3955 1760 4016 crescam,

533 4117 604 4176 Sulp.
626 4117 682 4164 Sao.
707 4115 734 4163 V.
757 4112 791 4164 M.

428 4251 500 4296 agere
513 4237 651 4298 videretur,
673 4250 772 4298 semper
783 4237 874 4285 orabat.
916 4235 949 4297 (5)
971 4249 1054 4284 overe
1067 4235 1215 4296 virbeatus,
1236 4235 1262 4282 iu
1275 4247 1323 4296 qno
1336 4233 1406 4281 dolus
1419 4247 1469 4282 non
1483 4234 1547 4281 luit:
1569 4235 1695 4283 rreminem
1709 4235 1832 4296 indicans,
1846 4238 1975 4283 neminum
1988 4236 2059 4283 darn-

429 4338 501 4381 nansâ€š
523 4321 587 4370 nulli
605 4323 697 4370 malum
716 4336 760 4383 pro
778 4324 842 4370 malo
861 4322 976 4370 reddens.
1008 4325 1102 4369 tantam
1116 4322 1210 4382 quippe
1222 4319 1353 4368 aduersum
1365 4334 1451 4368 omnes
1464 4321 1571 4368 iniurias
1584 4323 1729 4382 patientiam
1741 4322 1923 4384 adsumpserat,
1944 4327 1980 4384 ut,
2002 4337 2060 4370 cunr

429 4415 497 4457 esset
516 4423 630 4458 summus
649 4410 769 4470 sacerdos,
791 4411 886 4470 inpune
905 4409 980 4455 etiam
995 4409 1024 4455 ab
1037 4409 1131 4455 intimis
1145 4408 1241 4456 clericis
1254 4407 1402 4468 laederetur,
1425 4421 1471 4455 nec
1483 4413 1583 4471 propter
1596 4409 1623 4456 id
1636 4422 1676 4456 eos
1690 4413 1733 4456 aut
1744 4409 1795 4456 loco
1808 4423 1925 4471 umquam
1938 4410 2062 4457 amoverit

430 4501 474 4544 aut
492 4511 506 4542 a
524 4509 578 4556 sua,
598 4501 721 4557 qnantum
740 4497 767 4542 in
788 4495 841 4556 ipso
858 4495 918 4557 fuit,
939 4495 1042 4543 caritate
1060 4495 1208 4557 reppulerit.
1249 4495 1300 4554 (27,
1322 4493 1345 4554 1)
1367 4508 1440 4543 nemo
1452 4509 1570 4555 nmquam
1583 4494 1656 4542 illum
1669 4495 1734 4542 uidit
1746 4495 1845 4556 iratum,
1867 4511 1939 4544 rremo
1951 4510 2061 4544 commo-

430 4590 498 4640 tum,
526 4595 598 4630 nemo
617 4587 786 4641 maerentem,
813 4595 886 4630 nemo
904 4582 1046 4630 ridentem:
1074 4596 1141 4629 unus
1158 4582 1275 4642 idemque
1293 4582 1343 4629 luit
1362 4595 1475 4642 semper,
1497 4582 1630 4629 caelestem
1649 4580 1828 4642 quodammodo
1845 4583 1968 4631 laetitiam
1986 4584 2060 4632 uultu

429 4670 572 4732 praeterens
597 4672 668 4716 extra
693 4673 809 4716 naturam
833 4668 940 4717 bominis
965 4668 1106 4716 uidebatur.
1147 4669 1180 4729 (2)
1202 4680 1339 4729 numquam
1364 4669 1392 4715 in
1411 4668 1482 4715 illins
1500 4682 1540 4715 ore
1558 4667 1607 4715 nisi
1628 4667 1758 4729 Christus,
1787 4682 1924 4731 numquam
1942 4669 1969 4717 lu
1988 4671 2061 4718 illius

428 4757 499 4806 eorde
518 4757 567 4803 nlel
584 4756 674 4818 pietas,
695 4755 745 4802 nisi
762 4767 820 4816 pax,
843 4755 893 4804 nlsi
911 4739 1081 4803 misericordia
1099 4755 1190 4803 inerat.
1228 4754 1379 4816 plerumque
1398 4754 1473 4802 etiam
1492 4767 1535 4816 pro
1554 4769 1653 4816 eorum,
1675 4756 1719 4816 qul
1737 4755 1809 4804 illius
1827 4757 2004 4805 obtrectatores
2023 4757 2062 4803 ui-

429 4844 561 4903 debantur,
582 4843 678 4891 solebat
696 4843 755 4890 flere
773 4844 892 4904 peccatis,
914 4843 957 4904 qui
977 4845 1098 4890 remotum
1118 4845 1144 4887 et
1162 4841 1279 4901 quletum
1297 4841 1428 4889 venenatis
1447 4841 1540 4901 linguis
1559 4847 1585 4888 et
1604 4843 1702 4903 uipereo
1721 4853 1761 4890 ore
1778 4842 1912 4903 carpebant
1928 4855 1950 4893 a.
1971 4858 1995 4904 q.
2017 4857 2036 4890 a.

498 5050 548 5100 ll'l
568 5052 625 5099 isslt
644 5050 696 5098 ÎÎœ
798 5049 848 5098 418
867 5051 938 5097 carni
957 5048 988 5095 Ll
1094 5047 1145 5097 419
1163 5044 1289 5113 inclusus]
1306 5049 1334 5095 in
1352 5049 1424 5097 corde
1443 5048 1474 5096 LÂ¹
1580 5045 1800 5096 clodomirum
1903 5047 1951 5097 421
1972 5048 2060 5110 damp-

429 5151 492 5185 nans
512 5136 539 5182 Îœ
661 5138 793 5198 repinsans
813 5134 879 5194 NPl,
902 5148 1020 5195 repenses
1039 5121 1119 5180 BlMl
1241 5133 1291 5182 422
1311 5131 1449 5201 sua]siP
1563 5135 1584 5181 si
1603 5136 1642 5183 sac
1660 5136 1679 5183 i.
1699 5135 1719 5183 4.
1740 5149 1763 5184 e.
1785 5133 1814 5193 N,
1836 5136 1858 5183 si
1876 5136 1945 5183 fratri
1963 5136 2059 5184 iniuria

427 5227 492 5272 lacta
509 5223 588 5271 estL
712 5222 761 5271 423
780 5235 960 5282 nonnunquam
983 5219 1032 5283 (M)
1158 5220 1207 5268 424
1227 5221 1308 5282 deque
1327 5218 1419 5287 Î¡Îœ]
1443 5222 1553 5282 donique
1574 5207 1678 5269 ullliSllÂ¹J
1800 5219 1850 5268 423
1869 5220 1957 5268 desinit
1977 5209 2059 5268 BuMs

428 5309 478 5358 429
497 5311 611 5358 narlebat
631 5309 662 5368 Î,
684 5310 765 5357 uariat
784 5308 816 5355 LÂ¹
922 5306 972 5356 430
991 5307 1122 5355 inmortale
1143 5303 1232 5372 ufsni]
1250 5309 1389 5356 immortale
1409 5307 1458 5369 PS,
1479 5308 1580 5355 urortnle
1600 5308 1621 5353 ll
1726 5305 1776 5355 435
1795 5308 1918 5366 sydcrnS
2023 5311 2060 5357 ei-

427 5411 472 5444 nes
491 5397 514 5443 P
616 5395 667 5444 436
686 5396 820 5454 inclytaP
932 5393 980 5441 437
1001 5389 1116 5459 haerens]
1136 5393 1226 5441 herens
1246 5393 1275 5452 Î¡,
1296 5393 1384 5441 baeres
1405 5394 1433 5454 Î,
1456 5395 1527 5441 beros
1546 5395 1600 5441 ratt.
1715 5393 1765 5442 438
1784 5395 1853 5442 clusa
1871 5394 1894 5440 P
1997 5409 2059 5444 con-

351 5519 356 5526 .
426 5485 524 5531 tiliator
546 5483 583 5544 (B)
704 5481 755 5530 439
773 5477 840 5547 caro]
859 5495 938 5529 coram
960 5477 993 5525 11â´Â²
1108 5479 1155 5527 444
1177 5483 1243 5526 artat
1263 5479 1291 5539 Î¡,
1312 5481 1428 5529 omrall.
1535 5476 1589 5544 urin]
1608 5485 1634 5526 ct
1657 5479 1714 5527 Van.
1734 5481 1801 5540 vulp.
1910 5480 1960 5529 443
1979 5482 2058 5530 uelud

428 5567 484 5614 PBÂ¹
588 5583 695 5616 secunus
715 5568 738 5614 N
841 5569 892 5613 uba
913 5565 1071 5614 arcerem
1178 5563 1228 5613 446
1246 5566 1378 5627 probbetas
1398 5565 1425 5611 st
1533 5565 1581 5612 447
1601 5567 1688 5613 clrorus
1709 5565 1754 5613 MS
1857 5567 1906 5615 448
1925 5565 2061 5635 quaene]

428 5669 491 5718 quae
512 5655 561 5712 NS,
581 5668 631 5718 que
651 5652 737 5701 BLÂ¹M
841 5651 891 5702 443
911 5653 1031 5700 essiones
1051 5651 1081 5700 PÂ¹
1094 5666 1155 5702 corr.
1172 5650 1203 5698 P1
1308 5659 1402 5700 coortes
1423 5653 1446 5700 N
1549 5653 1598 5700 4544
1617 5651 1745 5700 consnlN
