4456 6202
880 313 976 371 VITA
995 313 1132 372 aaroni
1151 314 1307 373 HILARII.
1873 325 1893 388 3

260 504 396 587 Vrsatio,
423 504 479 587 qui
502 524 605 589 prava
626 503 818 574 credulitate
841 504 1012 572 ecclesiam
1036 505 1089 572 dei
1111 508 1240 573 turbare
1258 507 1465 592 pertinaciter
1479 509 1682 593 insistebant,
1707 508 1893 595 imperatori

259 626 449 694 persuasum
471 615 535 691 est,
562 609 722 676 11111111
745 607 995 675 eruditissimum
1019 608 1145 693 16616
1167 610 1328 694 loquimur
1349 618 1383 678 et
1403 611 1595 698 Dionysium
1617 613 1893 680 Mediolanensem

259 718 291 778 61
312 713 488 779 Eusebium
510 712 750 779 Vercellensem
773 712 870 778 exilio
893 711 1133 780 condemnaret.
1176 714 1265 780 Nihil
1288 715 1373 781 enim
1396 723 1521 801 poterat
1542 723 1617 784 6116
1639 717 1893 803 insuperabilem

259 817 361 883 sancti
376 815 493 882 Hilarii
507 815 692 883 facundiam
706 814 889 882 haereticus
905 816 1061 883 obtinere.
1114 817 1176 900 (16)
1196 817 1337 902 Sperans
1352 818 1455 885 hostis
1470 819 1547 886 fidei
1563 820 1690 905 aliquas
1706 839 1740 888 se
1756 821 1893 886 nebulas

226 939 239 978 1
259 921 423 1006 splendori
446 920 602 986 catholico
624 939 721 1005 posse
743 919 965 1005 praetendere,
992 920 1021 986 si
1042 927 1186 986 retrusus
1208 921 1307 988 exilio
1330 922 1406 988 talis
1428 923 1512 990 1116
1528 924 1701 990 certamine
1717 924 1888 990 defuisset:

257 1025 426 1109 quoniam,
460 1030 495 1090 61
524 1024 643 1090 dictum
674 1030 741 1106 661,
772 1023 845 1107 6116
867 1043 1039 1109 perversus
1061 1023 1164 1090 voluit
1185 1025 1357 1108 confligere
1379 1045 1419 1092 ac
1441 1027 1469 1092 si
1491 1034 1598 1094 mutus
1621 1036 1653 1094 et
1676 1027 1812 1094 claudus
1833 1048 1894 1095 nec

257 1130 356 1195 uerba
384 1134 511 1214 poterat
539 1127 681 1213 proferre
711 1147 771 1194 nec
801 1147 944 1209 currere,
983 1126 1042 1193 661
1071 1127 1164 1210 quasi
1192 1135 1307 1195 natans
1336 1129 1370 1194 in
1399 1131 1528 1215 pelagis
1559 1137 1633 1198 ante
1663 1131 1794 1198 fluctum
1823 1132 1893 1197 eius

257 1231 459 1316 eloquentiae
481 1232 698 1315 mergebatur.
750 1232 813 1316 (17)
839 1231 953 1314 116616
976 1231 1010 1296 in
1031 1231 1145 1314 Frigia
1166 1232 1264 1298 Asiae
1287 1232 1418 1316 regione
1441 1235 1560 1300 missus
1582 1235 1680 1301 exilio
1702 1235 1745 1301 ad
1767 1235 1893 1302 virtutis

257 1333 465 1420 augmentum
487 1336 610 1420 gratias
632 1335 716 1420 egit,
752 1335 1004 1419 quiaquantum
1027 1355 1084 1420 pro
1106 1336 1235 1403 nomine
1258 1336 1378 1403 Ohristi
1400 1337 1529 1422 longius
1550 1339 1739 1405 discedebat
1760 1338 1802 1405 de
1824 1340 1893 1406 solo

210 1465 238 1506 16
257 1439 386 1527 proprio
415 1445 540 1506 tantum
567 1439 750 1506 merebatur
779 1437 849 1504 1611
878 1438 1013 1505 vicinior
1043 1439 1144 1506 caelo.
1191 1440 1254 1518 Qui
1283 1439 1361 1505 dum
1386 1441 1430 1507 ad
1451 1443 1558 1510 locum
1579 1444 1779 1529 pervenisset
1801 1450 1893 1528 opta-
1914 1444 1959 1509 VI

258 1546 366 1626 bilem,
392 1543 486 1610 nobis
510 1543 682 1611 tacendum
704 1562 770 1608 non
786 1548 836 1609 est
851 1542 938 1626 6661
953 1541 1002 1608 1111
1018 1562 1206 1610 concessum
1222 1551 1281 1610 est.
1335 1547 1395 1630 (18)
1423 1546 1507 1612 Nam
1523 1552 1556 1613 et
1571 1567 1608 1614 66
1623 1554 1767 1632 tempore
1782 1553 1893 1614 sancto

257 1647 319 1714 sibi
348 1647 462 1733 spiritu
492 1647 658 1714 revelante
681 1645 848 1730 66616111,
883 1666 921 1713 66
943 1646 1030 1729 6161
1051 1647 1273 1714 beatissimam
1294 1648 1415 1714 Abram
1438 1650 1537 1716 liliam
1560 1670 1666 1733 suam,
1701 1671 1798 1733 quam
1821 1670 1893 1716 cum

257 1758 359 1819 matre
382 1752 523 1818 Pictavis
545 1752 731 1836 reliquerat,
760 1749 892 1833 quidam
914 1749 1041 1817 iuvenis
1063 1751 1282 1818 nobilissimus
1305 1753 1475 1839 praedives
1497 1754 1731 1839 pulcherrimus
1753 1753 1894 1837 coniugii

257 1856 385 1922 vinculo
413 1856 476 1923 sibi
499 1859 667 1939 quaereret
690 1854 936 1920 annectendam.
984 1853 1049 1920 Sed
1070 1855 1140 1940 ipse
1163 1855 1346 1922 interventu
1369 1857 1521 1923 orationis
1544 1857 1696 1924 assiduae
1719 1858 1892 1924 caelestem

208 1960 307 2025 161111
330 1979 482 2047 sponsum
506 1959 576 2025 sine
599 1957 869 2024 contaminatione
891 1957 1086 2042 providerat.
1139 1959 1200 2043 (19)
1227 1959 1301 2026 Mox
1324 1961 1539 2044 oportunitate
1561 1967 1689 2046 reperta
1704 1982 1802 2027 manu
1816 1981 1893 2046 pro-

149 2081 154 2088 ·
257 2064 329 2148 pria
357 2064 571 2150 subscriptam
600 2061 688 2128 filiae
711 2061 828 2127 direxit
850 2061 1038 2147 epistolam,
1075 2061 1248 2129 sufficienti
1272 2064 1341 2130 sale
1364 2063 1523 2131 conditam
1547 2072 1579 2132 et
1599 2066 1689 2132 velut
1710 2064 1893 2132 aromaticis

257 2169 431 2253 unguentis
454 2167 604 2249 infusam,
632 2186 717 2250 quae
739 2170 866 2232 tenetur
880 2165 1021 2231 Pictavis
1044 2186 1101 2250 pro
1125 2187 1256 2233 munere
1279 2175 1482 2234 conservata:
1510 2168 1658 2235 indicans
1680 2168 1720 2252 ei,
1747 2189 1785 2234 eo
1807 2169 1894 2250 quod

256 2272 355 2339 talem
377 2291 531 2358 sponsum
554 2277 646 2356 pater
668 2269 786 2335 anxius
807 2269 1017 2355 providisset,
1044 2269 1136 2336 cuius
1158 2271 1310 2336 nobilitas
1333 2273 1441 2338 caelos
1463 2272 1662 2353 ascenderet,
1689 2271 1893 2358 pulchritudo

257 2395 402 2442 rosarum
425 2382 458 2442 61
479 2375 541 2441 11111
564 2373 835 2460 comparationem
858 2373 1078 2459 praecederet,
1104 2375 1190 2440 oculi
1209 2395 1409 2458 gemmarum
1424 2376 1546 2442 lumina
1561 2376 1765 2458 luminarent,
1790 2374 1892 2442 166116

205 2500 235 2543 16
256 2479 427 2546 candorem
455 2477 541 2545 nivis
571 2479 780 2564 opprimeret,
814 2484 1002 2544 ornamenta
1030 2477 1262 2545 inaestimabili
1285 2478 1410 2563 fulgore
1432 2487 1620 2563 remanent,
1654 2479 1787 2546 divitiae
1808 2480 1893 2545 intra

255 2601 291 2650 se
313 2604 415 2668 regna
436 2582 681 2667 concluderent,
708 2582 868 2669 sapientia
890 2582 1223 2668 incomprehensibilis
1245 2583 1410 2666 emineret,
1436 2583 1572 2650 dulcedo
1595 2583 1662 2649 favi
1682 2584 1782 2650 mella
1804 2588 1893 2668 post-

255 2694 398 2772 poneret,
425 2685 581 2772 pudicitia
603 2686 856 2754 incontaminata
877 2687 1075 2773 persisteret,
1102 2686 1181 2752 odor
1204 2687 1363 2753 suauitate
1385 2687 1551 2772 flagraret,
1577 2687 1721 2753 thesauri
1743 2687 1812 2753 sine
1835 2686 1893 2752 de-

255 2791 393 2858 fectione
416 2796 610 2858 constarent.
662 2793 724 2874 (20)
751 2789 886 2856 Α11616
909 2811 986 2875 6166
1008 2790 1147 2874 monitis,
1176 2797 1210 2857 ut
1232 2790 1300 2856 filia
1321 2791 1404 2857 nulli
1426 2810 1461 2858 66
1484 2791 1573 2876 prius
1594 2791 1893 2858 1616111166661-

255 2893 411 2978 iungeret,
439 2914 536 2977 quam
558 2901 595 2960 ut
614 2900 739 2980 patrem
762 2901 965 2980 exspectaret
987 2894 1193 2980 pollicentem
1216 2901 1250 2961 61
1272 2913 1424 2981 sponsum
1447 2895 1568 2981 pariter
1590 2915 1661 2961 curn
1681 2895 1892 2980 promissione

205 3019 237 3062 66
256 3004 436 3065 venturum.
484 2997 578 3077 Quod
600 2998 689 3064 Abra
717 2998 855 3064 dulciter
876 2998 1042 3084 excipiens
1065 3005 1098 3065 et
1119 2999 1214 3082 quasi
1236 3017 1389 3084 sponsum
1412 2998 1554 3065 futurum
1575 2999 1611 3065 in
1632 2998 1769 3084 epistola
1792 2998 1892 3082 patris

256 3103 472 3188 complectens
493 3102 743 3169 admonitionem
767 3109 878 3170 secuta
900 3109 958 3186 661,
988 3103 1071 3169 11111
1093 3103 1127 3167 in
1149 3103 1298 3186 coniugio
1320 3122 1356 3169 se
1378 3105 1553 3170 resolvens.
1602 3102 1667 3170 Sed
1690 3102 1828 3187 qualiter
1849 3100 1892 3166 ad

254 3205 348 3273 illum
371 3225 524 3292 sponsum
546 3207 738 3292 pervenerit,
763 3207 853 3273 locus
874 3207 910 3273 in
932 3205 1078 3291 sequenti
1103 3214 1259 3274 seruatur.

348 3312 408 3395 (21)
435 3311 563 3376 Interea
585 3329 657 3376 cum
679 3317 745 3377 toto
760 3312 837 3378 orbe
852 3311 1009 3378 Anienae
1024 3311 1170 3377 haeresis
1184 3310 1380 3396 peruersitas
1395 3311 1581 3397 pullularet,
1607 3308 1682 3375 dato
1698 3308 1892 3393 generaliter
1914 3313 1975 3379 Vll

254 3413 458 3498 imperatoris
491 3414 613 3498 edicto,
651 3421 687 3480 ut
715 3435 826 3482 omnes
855 3415 1029 3482 orientales
1060 3413 1204 3500 episcopi
1233 3415 1323 3501 apud
1351 3414 1532 3481 Seleuciam
1562 3413 1709 3481 Isauriae
1737 3410 1890 3496 oppidum

205 3539 235 3582 ao
255 3517 463 3584 convenirent
490 3517 714 3604 disceptaturi,
749 3520 828 3603 quid
857 3519 1012 3586 sentirent
1042 3518 1083 3585 16
1112 3518 1190 3585 1161
1219 3519 1372 3602 veritate,
1404 3527 1480 3586 tunc
1509 3519 1593 3585 inter
1614 3517 1756 3602 reliquos
1777 3521 1890 3599 quarto

253 3621 319 3687 iam
342 3621 432 3688 exilii
454 3643 539 3689 anno
562 3622 602 3689 de
617 3623 729 3708 Frigia
752 3631 883 3690 sanctus
898 3623 1043 3689 Hilarius
1065 3624 1100 3688 in
1122 3622 1286 3709 praedicto
1309 3623 1379 3689 loco
1402 3622 1479 3688 data
1495 3621 1657 3689 evectione
1673 3619 1716 3685 ad
1732 3620 1890 3704 synodum

254 3726 364 3793 venire
393 3727 606 3812 compellitur.
656 3730 717 3812 (22)
746 3726 809 3805 Qui
832 3727 995 3812 quoddam
1018 3727 1186 3793 castellum
1209 3725 1286 3792 1611
1309 3725 1441 3808 6116661,
1468 3725 1521 3791 die
1544 3723 1703 3790 dominico
1725 3723 1890 3807 ingressus

254 3837 304 3898 est
325 3831 498 3917 templum:
522 3851 597 3898 mox
612 3831 777 3898 Florentia
799 3832 909 3916 puella
931 3830 1063 3916 gentilis
1085 3830 1273 3916 inrumpens
1295 3828 1533 3897 multitudinem
1551 3827 1663 3914 populi
1677 3847 1756 3893 uoce
1771 3847 1891 3910 magna

255 3953 383 4001 servum
406 3934 460 4002 dei
482 3935 656 4003 advenisse
678 3940 799 4001 testata
820 3941 870 4000 est
892 3941 924 4001 et
947 3934 990 4000 ad
1012 3934 1114 4020 pedes
1136 3933 1206 3999 cius
1229 3951 1398 4000 occurrens
1420 3952 1484 3998 161
1507 3932 1647 3999 cessavit
1668 3938 1796 4017 petere,
1827 3929 1889 3996 nisi

204 4061 235 4102 16
254 4039 382 4124 signum
397 4039 501 4106 crucis
517 4040 558 4105 ab
573 4040 645 4125 ipso
660 4037 725 4105 sibi
739 4038 811 4105 1611
826 4039 966 4106 fideliter
980 4039 1196 4124 impetrasset.
1248 4038 1311 4123 (23)
1337 4037 1441 4115 Quam
1456 4035 1638 4102 Florentius
1654 4041 1746 4121 pater
1761 4041 1889 4100 secutus

255 4286 322 4347 scopi
341 4285 445 4346 relegati
463 4311 497 4320 -
514 4311 550 4319 -
567 4311 603 4321 -
620 4285 665 4334 661
684 4285 778 4334 Valens
797 4290 824 4334 et
841 4286 958 4335 Vrsatius
977 4311 1012 4321 -
1030 4312 1064 4322 -
1082 4287 1148 4334 iutra
1167 4285 1290 4348 palatium
1308 4287 1497 4345 congregantur.
1539 4281 1572 4344 (6)
1593 4281 1741 4343 Dionysius,
1761 4282 1821 4343 quia
1839 4294 1889 4329 non

255 4377 322 4420 66661
340 4385 468 4432 66661616,
489 4373 551 4419 urbe
568 4373 672 4435 pellitur
690 4397 725 4408 —
742 4398 777 4408 —-
795 4372 912 4420 Liberius
931 4385 1030 4434 quoque
1050 4367 1886 4430 111161666661111161116Ρ161616161166166661161161611116.

341 4456 357 4506 8
376 4455 470 4519 Sutplc.
492 4457 528 4518 11,
549 4461 592 4520 12,
613 4461 630 4507 2
648 4459 760 4507 Hilarius
779 4465 898 4521 quartum
916 4459 965 4506 iarn
984 4458 1056 4506 611111
1074 4472 1171 4507 annum
1190 4459 1217 4506 ln
1236 4457 1343 4518 Phrygia
1360 4470 1447 4516 agens.

342 4542 489 4605 166666.
510 4545 566 4594 Sec.
592 4546 617 4596 l'.
639 4543 760 4610 116611,
783 4549 798 4592 t
824 4545 922 4594 Dehinc
947 4559 1004 4594 cum
1026 4545 1263 4594 166166161111666
1286 4557 1332 4606 per
1350 4549 1430 4592 totum
1449 4544 1534 4591 orbem
1552 4546 1579 4590 et
1596 4542 1705 4590 maxime
1722 4542 1788 4589 inira
1805 4540 1889 4599 lllyri-

256 4644 312 4680 cum
329 4631 488 4692 pullulasset.

341 4715 556 4779 26-316666,
578 4716 636 4770 866.
657 4717 746 4769 coroa
769 4719 806 4780 11,
827 4720 869 4780 12,
890 4721 952 4778 31.
972 4720 989 4768 2
1017 4719 1123 4768 Interim
1143 4719 1170 4768 in
1189 4718 1294 4768 Oriente
1313 4717 1428 4780 exemplo
1445 4715 1646 4765 occidentalium
1663 4716 1799 4776 imperator
1816 4713 1889 4760 lubet

254 4809 357 4852 cunctos
380 4805 433 4853 1616
455 4804 583 4868 episcopos
608 4805 676 4868 apud
695 4803 835 4854 Seleuciam
853 4807 965 4855 Isauriae
983 4806 1102 4869 oppidum
1121 4804 1273 4867 congregari.
1312 4817 1361 4865 qua
1380 4807 1529 4865 tempestate
1548 4801 1675 4862 Hilarius,
1702 4805 1819 4862 quartum
1838 4799 1888 4846 iam

254 4891 325 4940 exilii
342 4905 437 4946 annum
455 4891 482 4940 11
500 4891 608 4952 Phrygia
626 4905 711 4954 66616,
736 4892 804 4941 16161
821 4893 932 4956 reliquos
951 4893 1089 4956 episcopos,
1109 4907 1154 4956 per
1172 4893 1293 4941 ricarium
1310 4905 1344 4956 ac
1355 4891 1496 4954 praesidem
1514 4890 1571 4938 data
1589 4888 1726 4937 evectionis
1744 4887 1822 4948 copia,
1843 4885 1887 4934 sd·

255 4991 310 5026 esse
328 4978 497 5041 compellitur.

341 5220 352 5270 1
373 5220 471 5268 1166616
488 5218 540 5280 fere
563 5218 605 5266 VA
728 5218 877 5269 crudelitate
898 5220 941 5269 Vn
1062 5216 1167 5288 liquis]
1186 5196 1207 5240 '¹
1225 5220 1284 5283 6116
1302 5219 1358 5281 011,
1381 5219 1496 5282 61166616
1518 5216 1539 5265 l'
1657 5209 1750 5280 uoluit]
1768 5227 1825 5263 cum
1843 5214 1887 5261 illo

252 5305 312 5356 odd.
331 5306 373 5355 Va
498 5303 528 5354 12
547 5318 632 5369 aprum
650 5303 702 5366 VA,
722 5304 757 5366 as.
779 5305 847 5368 lustu
864 5321 891 5368 p.
911 5310 938 5367 6,
959 5309 977 5356 l.
998 5311 1031 5359 16
1159 5308 1190 5358 16
1209 5301 1389 5373 subscriptam]
1409 5319 1469 5355 6666
1488 5305 1605 5367 scriptam
1628 5301 1655 5364 V,
1676 5302 1774 5351 61661.
1796 5313 1844 5350 661.
1864 5301 1887 5346 A

255 5391 287 5442 19
306 5394 402 5442 lumine
419 5393 545 5441 radiarent
563 5391 595 5452 Λ,
616 5392 702 5440 lumen
721 5393 896 5443 obnubilarent
912 5395 978 5455 eatp.
1109 5393 1141 5445 21
1162 5400 1289 5444 emanaret
1310 5394 1354 5442 l'A
1467 5389 1513 5440 *23
1532 5385 1601 5455 ergo]
1619 5403 1667 5438 om.
1688 5387 1716 5451 V,
1735 5388 1811 5435 etiam
1830 5388 1853 5435 A

253 5481 317 5529 mala
338 5479 365 5543 V,
386 5479 474 5529 66111
587 5477 621 5528 24
638 5477 780 5539 pollicitum
802 5477 845 5525 Vri
961 5478 994 5528 26
1013 5480 1167 5540 amplectens
1190 5481 1232 5532 VA
1336 5481 1482 5540 coniugium
1504 5476 1546 5525 VA
1662 5472 1692 5526 ³1
1714 5473 1829 5521 66611616
1849 5472 1886 5520 G:

253 5568 311 5616 data
328 5567 469 5616 euectlonis
487 5567 557 5629 copia
574 5565 668 5625 Salpia.
691 5564 747 5613 866.
771 5562 859 5614 01166.
880 5566 919 5626 11,
941 5567 985 5626 tt,
1004 5566 1020 5612 3
1126 5567 1159 5617 32
1177 5568 1283 5630 quodam
1302 5569 1405 5616 castello
1423 5567 1483 5614 dum
1501 5563 1600 5612 adesset
1621 5561 1662 5608 Vri
1768 5554 1888 5626 661611]

253 5667 302 5701 um.
325 5653 367 5700 VA

1643 5746 1679 5798 ¹0
