4506 6248
1007 277 1178 332 VENANTI
1196 278 1415 334 FORTVNATI

732 485 865 531 munere
886 465 959 548 quis
980 465 1116 551 poterit,
1142 487 1236 551 rogo,
1262 473 1309 534 tut
1330 489 1451 536 memor
1472 490 1527 536 ore
1550 470 1692 537 referre?

817 567 968 638 affectum
990 568 1118 636 dulcem
1140 569 1283 655 pandere
1305 570 1417 655 lingue
1438 574 1560 656 nequit.

732 669 791 736 sed
812 670 872 735 tibi
894 671 1041 738 restituet
1062 692 1119 738 rex
1141 679 1256 740 cuncta
1278 692 1435 759 supernus
1456 676 1499 740 eb
1521 676 1604 758 alte,

648 792 678 834 πο
818 793 902 857 quae
923 774 1063 842 minimis
1087 775 1166 841 fiunt
1187 775 1242 860 qui
1264 776 1359 844 docet
1379 797 1453 844 esse
1476 797 1579 844 sunm.

1137 1251 1138 1254 ¹
1196 1226 1225 1288 X

907 1379 965 1452 Ad
993 1381 1219 1476 Megnulfum
1247 1386 1392 1456 fratrem
1422 1384 1516 1479 Lupi

731 1583 834 1660 Quam
857 1585 919 1651 citu
942 1586 1029 1651 ieme
1052 1587 1141 1651 volat
1161 1586 1345 1671 pernicibus
1367 1587 1474 1652 excite
1497 1587 1603 1672 pinnis

818 1695 850 1753 et
871 1690 942 1753 loce
964 1695 1079 1753 cuncta
1101 1689 1169 1754 suis
1191 1689 1316 1755 actibus
1339 1696 1435 1755 aucta
1456 1691 1577 1775 replet!

731 1811 805 1855 nem
827 1791 886 1856 tibi
909 1812 980 1856 eum
1004 1792 1152 1869 Rhenus,
1179 1792 1258 1857 mihi
1280 1792 1323 1857 sit
1345 1792 1442 1875 Liger
1464 1813 1538 1858 ecce
1561 1795 1773 1878 propinquus,

817 1892 885 1975 hic,
911 1894 1095 1976 Magnulfe,
1122 1895 1257 1974 decens,
1285 1915 1421 1978 nragnus
1444 1895 1562 1961 honore
1584 1897 1706 1980 places.

665 2017 677 2053 ⁵
730 1995 778 2059 sic
798 1995 877 2060 tube
898 1997 1064 2080 praeconis
1086 1996 1270 2080 Sigirnundi
1291 1997 1392 2062 misse
1413 1998 1567 2081 cucurrit,

817 2105 852 2163 ut
872 2106 929 2164 tue
950 2099 1068 2164 diffuso
1091 2099 1155 2163 sini
1176 2101 1260 2165 bona
1282 2105 1357 2164 ncta
1380 2102 1459 2166 lucc.

730 2202 817 2284 quod
837 2209 944 2267 temen
965 2202 999 2266 in
1021 2202 1173 2268 brevibus
1195 2203 1248 2267 vix
1272 2203 1380 2285 signat
1402 2203 1542 2288 epistula
1564 2205 1686 2270 verbis:

816 2324 879 2369 non
900 2305 977 2386 quia
999 2312 1113 2371 cuncta
1135 2305 1237 2387 canit,
1263 2327 1323 2370 nec
1345 2307 1479 2372 reticere
1501 2306 1599 2392 cupit.

728 2406 872 2472 iuredico
894 2408 928 2472 in
950 2409 1061 2492 primis
1084 2410 1209 2493 pollens
1231 2415 1370 2475 torrente
1392 2410 1496 2474 relatu

648 2531 676 2569 iu
816 2511 863 2575 sie
884 2511 987 2594 regis,
1014 2519 1049 2576 ut
1071 2531 1201 2578 revoces
1223 2512 1310 2578 facta
1331 2518 1458 2578 vetuste
1480 2513 1591 2595 novis,

729 2614 820 2678 cuius
841 2614 875 2678 in
897 2614 1012 2679 officiis
1035 2615 1131 2697 aequi
1154 2615 1283 2680 cultoris
1305 2621 1410 2680 araim
1510 2645 1512 2652 r

816 2717 937 2782 semine
959 2717 1102 2783 iustitiae
1125 2718 1218 2802 plebs
1242 2737 1301 2783 sua
1324 2724 1397 2782 vote
1419 2718 1519 2783 metit.

730 2839 823 2885 nemo
845 2826 933 2886 cerei
954 2820 1108 2905 propriis,
1135 2821 1250 2887 alienis
1273 2841 1367 2886 neme
1389 2823 1561 2887 recumbit:

816 2923 863 2988 sic
885 2923 967 2988 sacis
991 2930 1025 2988 ut
1047 2925 1199 3008 populum
1224 2944 1285 2989 non
1308 2921 1403 2989 vacet
1425 2943 1498 2989 esse
1521 2944 1622 2990 reum.

648 3045 676 3084 is
730 3025 911 3092 sollicitudo
934 3033 990 3092 tue
1012 3026 1145 3108 reliquis
1167 3026 1230 3092 fert
1251 3025 1336 3091 dona
1358 3027 1491 3109 salutis,

816 3135 848 3193 et
869 3129 960 3194 labor
981 3128 1076 3193 unius
1099 3129 1134 3194 iit
1155 3130 1312 3214 populosa
1334 3129 1436 3210 quies.

729 3231 876 3312 aequalis
898 3250 1027 3296 concors
1050 3237 1085 3297 ut
1105 3232 1147 3296 ab
1170 3231 1332 3314 omnibus,
1359 3233 1461 3315 elme,
1487 3233 1626 3316 voceris,

816 3335 942 3417 legibus
964 3334 1040 3399 hinc
1062 3335 1176 3416 iudex,
1201 3334 1277 3399 binc
1298 3335 1439 3401 bonitate
1462 3354 1589 3420 parens.

730 3436 773 3501 dn
794 3437 906 3521 paucis
927 3438 1073 3519 veniam,
1100 3437 1249 3519 quoniam
1272 3437 1353 3502 mibi
1374 3437 1508 3522 portitor
1527 3438 1643 3504 instat:

646 3557 676 3600 ne
815 3560 890 3604 nam
912 3539 953 3605 de
975 3540 1073 3605 fratre
1095 3541 1178 3625 Lupi
1200 3560 1253 3605 res
1274 3546 1382 3605 monet
1402 3542 1512 3626 ample
1533 3541 1634 3623 loqui.

730 3642 777 3706 sie
797 3641 918 3708 tribuet
939 3642 1104 3723 dominus,
1131 3642 1253 3708 meritis
1275 3642 1430 3726 reparetis
1453 3649 1488 3708 ut
1508 3643 1618 3726 illum,

816 3765 910 3828 quem
932 3745 1053 3830 pariter
1074 3753 1179 3811 tecum
1202 3744 1307 3810 cordis
1328 3765 1436 3811 amore
1457 3747 1538 3812 colo.

394 4009 806 4017 ——-.——...—-—

466 4196 495 4246 Π
515 4197 767 4258 mernor—nequit
787 4194 820 4254 tv.
843 4197 881 4256 18)
904 4197 920 4243 i.
940 4209 990 4243 cns.
1012 4195 1117 4244 ΜΟ
1219 4192 1385 4260 memorore]
1403 4209 1539 4244 memorare
1559 4195 1603 4256 2¹,
1623 4200 1757 4245 memorate
1775 4195 1811 4244 ΣΙ
1914 4201 1977 4248 terre
1996 4201 2020 4246 D
2052 4233 2053 4238 ,

396 4283 428 4334 18
447 4284 539 4346 nequid
558 4282 593 4332 Σ1
732 4281 765 4330 20
784 4295 848 4343 quse
867 4281 979 4329 minimis
999 4277 1186 4346 senectui]
1211 4295 1274 4343 qnae
1293 4282 1411 4330 menimis
1432 4282 1459 4340 0,
1490 4295 1553 4343 quse
1573 4282 1691 4330 menimis
1710 4281 1745 4344 M,
1774 4296 1839 4344 quse
1857 4285 1934 4332 nimis
1951 4285 2016 4348 GW,

395 4383 469 4432 quem
489 4369 641 4417 minimisR
744 4366 837 4416 subm.
858 4382 882 4416 v.
902 4379 940 4413 xx
960 4365 1037 4413 Asin
1141 4368 1168 4414 in
1188 4367 1211 4413 Σ
1229 4370 1339 4428 sequitur
1363 4367 1417 4426 V11,
1440 4369 1473 4414 18

464 4456 488 4504 X
558 4467 671 4504 niuem
690 4452 733 4514 Δΐ,
754 4466 846 4501 unere
867 4453 887 4500 C
988 4465 1113 4500 rssrnuu
1132 4449 1628 4518 nvnrAcDGL2]rmn1nvr1srR,
1649 4466 1746 4500 renutu
1765 4467 1831 4502 ιντο
1850 4456 1879 4516 F,
1900 4470 1948 4506 orn.
1963 4456 2018 4504 BL¹

398 4539 462 4590 1-4
481 4543 500 4590 i.
519 4555 569 4589 ens.
591 4545 603 4588 1
623 4556 658 4590 m.
680 4539 700 4587 0
805 4539 986 4600 ipernicebus
1006 4537 1064 4584 tw
1168 4541 1257 4601 pennis
1277 4537 1345 4586 GBL
1462 4537 1572 4587 brecus
1591 4537 1640 4586 ML
1744 4541 1894 4602 propinquos
1913 4543 1944 4602 Α,
1965 4557 2020 4604 pre-

395 4627 540 4688 pinguiae
677 4625 693 4674 4
720 4623 847 4674 dicentii
988 4623 1003 4672 5
1030 4624 1167 4684 sigimundi
1192 4620 1262 4689 ms]
1289 4625 1432 4683 sigimunde
1457 4623 1485 4684 0,
1514 4624 1658 4684 sygimundi
1681 4621 1748 4687 1202,
1778 4626 1920 4686 sigymundi
1945 4627 2020 4676 unu

394 4712 410 4761 6
429 4713 531 4760 diffusio
549 4712 642 4773 AObss,
664 4712 698 4772 cs.
720 4712 742 4770 1,
762 4713 788 4773 3,
809 4713 825 4758 2
929 4708 943 4757 7
963 4709 1073 4774 epistuls
1090 4706 1198 4776 ACMR]
1216 4710 1320 4773 epistole
1338 4709 1406 4758 GBL
1511 4709 1562 4759 iii.
1576 4723 1597 4757 e.
1619 4723 1701 4772 neque
1718 4717 1811 4774 tamen,
1832 4714 1951 4772 quonium
1969 4727 2018 4761 nou

394 4805 485 4846 cuncte
506 4813 593 4847 cenete
616 4803 707 4860 potest,
734 4797 789 4846 ideo
812 4797 927 4845 reticebit
1066 4795 1081 4844 9
1105 4795 1251 4844 iuridicoB
1366 4801 1480 4856 torpente
1499 4793 1533 4841 0¹
1551 4797 1607 4844 Ven.
1751 4795 1782 4844 10
1806 4798 1902 4844 reuoeis
1922 4797 1984 4844 Ant

394 4885 467 4934 nouis
487 4882 522 4951 F]
541 4899 621 4934 noune
638 4885 691 4936 nii.
809 4883 836 4932 11
858 4879 949 4948 ursino]
968 4887 1075 4932 ercitum
1094 4880 1164 4929 codri.
1189 4881 1277 4942 (plocen
1296 4883 1322 4930 in
1340 4881 1378 4928 G:
1397 4882 1451 4929 seii.
1472 4881 1524 4943 per)
1634 4880 1664 4930 14
1683 4881 1744 4930 iacit
1765 4881 1785 4927 0
1889 4882 1919 4930 iii
1937 4896 2018 4946 popu-

393 4971 490 5020 luseO
595 4970 624 5018 li
644 4971 760 5032 aequulee
782 4968 815 5016 0¹
908 4981 1012 5017 concurs
1033 4968 1058 5027 0,
1080 4965 1219 5016 contorsit
1311 4968 1486 5016 embomnibus
1507 4964 1536 5014 0¹
1552 4966 1622 5026 (corr.
1639 4965 1694 5028 C¹ii
1802 4966 1892 5016 ubres.
1914 4982 1938 5016 v.
1959 4981 2018 5016 1111

393 5057 471 5106 ΑΜΒ
