4456 6202
370 325 410 389 28
976 315 1147 372 veranii
1165 313 1386 371 rounvririni

369 513 409 578 de
439 511 653 577 sacratissimo
682 511 749 576 viro
771 509 888 575 Albino
917 515 1023 574 vestro
1052 507 1202 572 antestite
1232 527 1288 572 vos
1319 505 1436 572 fecisse
1465 505 1604 570 tenuiter
1627 503 1837 582 mentionem,
1872 508 1906 566 ut
1927 501 1998 566 eius

368 617 452 699 vita,
484 636 566 699 quae
593 614 903 680 inmarcescibilibus
934 612 1055 678 meritis
1085 610 1197 675 florere
1228 611 1380 694 probatur
1409 609 1603 675 caelestibus
1632 608 1779 692 inpressa
1808 607 1927 672 libellis
1954 606 1997 672 ad

367 720 622 786 aedificationem
653 719 759 804 plebis
787 716 936 782 humanis
966 716 1064 781 etiam
1090 714 1154 778 fixa
1177 713 1368 779 conderetur
1389 713 1422 777 in
1446 711 1584 778 chartis:
1618 711 1739 796 duplici
1761 710 1916 776 beneficio
1939 730 1997 794 po-

367 825 452 909 pulis
484 823 698 905 consulitura,
731 821 806 886 dum
836 827 869 886 et
897 819 931 884 in
960 819 1017 885 illo
1048 825 1215 884 cernerent
1243 817 1435 883 admiranda
1458 836 1540 897 quac
1564 817 1706 881 colerent
1727 821 1760 880 et
1781 814 1814 879 in
1837 834 1871 880 se
1894 815 1998 898 respi-

367 933 475 993 cerent
497 927 582 1008 quod
605 925 824 1009 unusquisqne
848 923 1008 1007 sagaciter
1030 921 1225 1003 emendaret,
1252 921 1358 986 idest
1381 920 1457 985 dum
1480 920 1567 1004 apud
1590 941 1687 984 unum
1710 926 1756 985 tot
1778 918 2032 1004 praedicandas

366 1037 611 1114 cognoscerent,
646 1029 733 1114 apud
756 1047 790 1093 se
813 1047 960 1093 resecare
982 1026 1061 1091 vitia
1083 1025 1203 1109 singuli
1224 1046 1288 1090 non
1313 1025 1494 1105 differrent,
1522 1030 1681 1104 quatenus
1704 1030 1770 1089 tam
1794 1023 1888 1088 unica
1909 1023 1998 1089 beati

366 1136 426 1200 viri
448 1135 562 1200 relatio
586 1132 726 1197 medella
748 1131 879 1216 publica
901 1129 991 1196 fieret
1014 1129 1225 1195 audientium.

311 1235 343 1300 II
455 1243 493 1320 (2)
521 1237 714 1320 intellegitis
738 1255 815 1300 sane
838 1235 991 1300 velociter
1012 1233 1174 1316 fugientes
1198 1254 1217 1298 a
1241 1233 1369 1297 saeculo
1392 1230 1564 1297 memoriae
1588 1231 1727 1316 subripi,
1760 1231 1842 1296 etsi
1866 1231 1998 1297 devita

366 1342 558 1410 sanctissimi
588 1341 803 1423 neglegantur
832 1339 942 1422 aliqua
971 1338 1033 1402 cito
1057 1338 1188 1422 lapsura
1210 1335 1325 1402 litteris
1348 1335 1494 1418 alligari,
1528 1356 1592 1400 non
1616 1336 1711 1402 facile
1735 1355 1845 1402 rursus
1868 1336 1901 1400 in
1924 1337 1998 1400 ani-

366 1467 450 1512 munr
482 1445 582 1528 recipi
612 1443 698 1526 quod
728 1444 829 1508 sernel
858 1442 1015 1525 inceperit
1043 1441 1203 1506 oblivione
1233 1440 1386 1524 temporis
1415 1439 1588 1504 invadente
1618 1439 1765 1504 subduci.
1826 1443 1863 1521 [3]
1892 1439 1997 1504 Huius
2019 1456 2049 1498 ro

364 1552 411 1616 rei
439 1551 584 1634 inpulsor
614 1547 744 1631 quidam
771 1545 973 1630 postmodum
1003 1545 1157 1610 mandata
1184 1551 1313 1610 vestrae
1335 1542 1545 1609 beatitudinis
1568 1563 1731 1625 exequens
1755 1565 1775 1609 a
1797 1565 1848 1610 me
1872 1544 1900 1608 si
1923 1542 1997 1627 qui-

364 1653 436 1719 dem
473 1672 648 1718 annuerem
678 1649 1008 1733 inconperendinatim
1037 1648 1072 1714 id
1101 1647 1170 1714 fieri
1199 1647 1368 1730 flagitavit.
1426 1646 1512 1712 Illud
1540 1667 1616 1712 vero
1647 1647 1807 1728 adiciens,
1848 1653 1883 1712 ut
1912 1668 1996 1731 qnae

363 1759 434 1843 ipse
465 1756 505 1821 de
536 1755 638 1839 gestis
669 1753 771 1820 sancti
803 1753 863 1817 viri
885 1752 996 1818 Albini
1023 1752 1115 1818 iuxta
1144 1751 1240 1818 fidem
1263 1758 1453 1837 conpererat
1475 1771 1513 1816 eo
1535 1751 1718 1816 insinuante
1740 1751 1997 1817 indubitabiliter

364 1861 577 1946 propalarem,
604 1860 637 1923 in
660 1858 720 1922 hoc
743 1877 777 1922 se
800 1857 904 1940 magis
928 1857 1198 1938 querimoniarum
1221 1856 1304 1922 mole
1328 1854 1509 1938 conficiens,
1536 1875 1574 1921 eo
1597 1856 1682 1940 quod
1704 1875 1787 1939 quae
1810 1855 1995 1940 praedictus

364 1965 412 2031 vir
439 1964 561 2030 occulte
591 1961 721 2046 quidem
752 1962 811 2026 scd
841 1961 941 2043 digna
963 1961 1067 2025 relatu
1089 1967 1237 2043 gesserat
1258 1979 1316 2044 per
1337 1959 1482 2025 veritatis
1505 1959 1691 2042 indaginem
1715 1978 1775 2024 neo
1797 1959 1839 2024 ad
1863 1979 1902 2023 ea
1926 1956 1994 2021 sin·
2016 1973 2046 2014 ιι

363 2069 441 2153 gula
469 2067 621 2132 meruerit
650 2065 816 2150 pervenire
847 2072 878 2129 et
907 2065 1016 2147 aliqua
1047 2084 1082 2129 se
1112 2063 1152 2128 de
1182 2064 1318 2145 cognitis
1349 2071 1539 2129 memoraret
1569 2083 1589 2128 a
1620 2062 1774 2128 memoria
1796 2061 1991 2127 abolevisse.

369 2174 407 2255 (t)
435 2171 472 2235 ln
501 2171 551 2234 his
581 2175 688 2234 auteur
719 2169 773 2252 qni
803 2168 949 2233 meminit
978 2168 1047 2232 sine
1074 2167 1286 2250 ambiguitate
1309 2187 1367 2232 suo
1389 2167 1573 2233 testimonio
1595 2167 1749 2252 populum
1772 2165 1864 2230 nobis
1886 2163 1996 2230 attulit

362 2279 593 2355 assentantem,
620 2293 691 2338 curu
716 2278 801 2337 certe
825 2271 865 2336 de
888 2271 957 2337 eius
981 2271 1161 2356 praeteritis
1184 2270 1332 2337 dubitare
1354 2291 1417 2335 non
1440 2271 1537 2337 liceat
1558 2269 1613 2352 qni
1636 2276 1785 2355 operatur
1806 2268 1840 2333 in
1856 2266 1995 2350 singulis

362 2377 479 2444 cotidie
503 2377 650 2441 clariora.

291 2480 339 2546 Ill
455 2483 494 2563 (5)
522 2479 770 2562 congratulatus
802 2499 872 2543 sum
902 2479 1047 2561 relatori,
1082 2499 1120 2544 eo
1149 2478 1235 2561 quod
1265 2479 1306 2544 de
1336 2478 1451 2545 vestris
1481 2478 1683 2544 nutrimentis
1712 2477 1788 2542 talis
1810 2476 1859 2540 vir
1881 2474 1994 2540 adole·
2015 2489 2046 2532 2⁰

361 2585 460 2666 verit,
496 2583 549 2667 qui
577 2582 722 2648 iniuncta
752 2583 813 2647 sibi
842 2588 907 2647 tarn
940 2589 1068 2648 strenue
1091 2589 1255 2666 peroraret
1278 2590 1310 2648 et
1333 2582 1373 2648 de
1396 2582 1525 2668 proprio
1548 2582 1671 2666 aliquid
1694 2601 1793 2648 cansa
1815 2583 1993 2648 venustatis

361 2709 423 2752 non
451 2688 694 2772 inconpetenter
721 2686 866 2768 offerret,
896 2687 994 2751 immo
1017 2685 1157 2752 dilucide
1180 2686 1250 2770 ipse
1273 2707 1388 2772 perse
1411 2687 1498 2769 quod
1520 2685 1652 2752 aliunde
1676 2693 1866 2771 poposcerat
1888 2686 1994 2770 expli-

361 2797 457 2857 caret.
507 2790 542 2856 si
572 2789 701 2871 quidem
732 2789 888 2873 quidquid
918 2790 958 2855 de
987 2790 1044 2860 illo
1076 2790 1217 2873 elicitur,
1252 2790 1368 2856 vestris
1397 2791 1457 2856 hoo
1487 2790 1667 2875 praeconiis
1690 2790 1877 2874 deputatur,
1913 2810 1994 2872 quo-

358 2896 445 2960 niam
477 2901 526 2960 est
555 2894 702 2959 meritum
731 2893 877 2976 magistri
905 2895 978 2959 laus
1008 2893 1159 2978 discipuli
1181 2901 1214 2959 et
1235 2894 1372 2959 ministri
1395 2895 1509 2960 solatia
1532 2900 1607 2959 sunt
1628 2894 1769 2978 pontifici
1792 2900 1989 2959 ornamento.

365 3001 404 3082 (o)
432 2999 525 3077 Quod
556 3017 627 3063 curn
654 3017 715 3080 ego
738 3017 829 3062 meae
854 2997 1039 3080 exiguitatis
1062 2997 1208 3062 conscius
1232 2998 1390 3080 attingere
1412 2997 1622 3082 trepidarem,
1657 3018 1691 3064 re
1714 3018 1791 3062 vera
1813 2998 1867 3081 qui
1889 3017 1992 3063 nove·
2014 3011 2046 3053 ²⁵

359 3103 418 3168 rim
449 3103 510 3168 hoc
540 3102 657 3167 debere
688 3101 840 3166 committi
867 3101 986 3166 exertis
1008 3101 1155 3184 ingenio,
1192 3101 1339 3166 facundis
1363 3102 1507 3183 eloquio,
1542 3101 1666 3168 devotis
1690 3100 1814 3180 officio,
1849 3103 1994 3188 probatis

359 3207 448 3288 stilo,
477 3206 531 3289 qui
555 3214 629 3269 sunt
652 3224 749 3270 sensu
771 3204 905 3286 divites,
933 3204 1065 3286 linguae
1088 3211 1157 3270 rota
1179 3211 1353 3286 torrentes,
1381 3204 1538 3272 famulatu
1563 3207 1702 3288 celeres,
1734 3207 1874 3272 carmine
1898 3228 1994 3273 corrr-

359 3317 504 3388 soantes,
539 3330 610 3375 cunr
640 3315 714 3373 ante
743 3315 883 3373 vestram
914 3307 1060 3391 peritiam
1089 3308 1161 3392 ipsa
1185 3309 1350 3374 Ciceronis
1379 3315 1414 3374 ut
1435 3309 1579 3393 suspicor
1602 3311 1730 3394 eloquia
1753 3318 1916 3376 currerent
1938 3311 1994 3375 vix

359 3432 482 3495 secura,
509 3419 540 3478 et
563 3413 614 3477 cui
637 3411 726 3496 apud
748 3411 922 3476 Caesarem
946 3413 1047 3476 Rorna
1070 3412 1195 3495 aliquid
1219 3412 1403 3478 deliberans
1418 3412 1610 3494 Aquitanico
1633 3414 1741 3480 iudice
1759 3415 1895 3480 forsitan
1911 3414 1993 3479 Gal-

291 3519 336 3584 lV
359 3516 434 3579 liam
457 3515 659 3596 formidaret,
686 3515 895 3596 incongruum
918 3535 991 3581 esse
1014 3515 1173 3599 persensi,
1204 3516 1209 3602 1
1235 3516 1321 3597 qnod
1344 3537 1364 3580 a
1387 3536 1437 3581 me
1460 3516 1545 3581 infra
1568 3517 1731 3582 doctorum
1754 3518 1893 3601 vestigia
1915 3518 1992 3582 lati·
2015 3531 2045 3572 ³0

357 3626 444 3684 tante
475 3638 527 3684 res
556 3620 624 3683 alta
646 3618 878 3700 requireretur,
914 3639 1009 3700 quern
1033 3618 1075 3683 ad
1099 3619 1259 3683 scribendi
1282 3619 1397 3685 seriem
1419 3641 1480 3685 nec
1501 3628 1617 3685 natura
1639 3621 1795 3706 profluum
1817 3643 1878 3687 nec
1900 3622 1992 3688 litte-

357 3730 466 3788 ratura
489 3722 664 3788 facundum
687 3743 747 3788 nec
768 3723 839 3806 ipse
864 3742 1094 3805 usquequaque
1118 3741 1195 3787 usus
1218 3723 1325 3788 reddit
1347 3725 1542 3808 expeditum,
1571 3745 1642 3791 cunr
1667 3726 1728 3791 etsi
1743 3733 1815 3791 voto
1831 3726 1987 3809 traherer,

357 3826 404 3891 rei
428 3826 650 3910 magnitudine
674 3824 862 3907 deterrerer,
890 3825 966 3908 quia
988 3826 1167 3891 radiantem
1192 3827 1290 3892 vitam
1314 3828 1341 3891 si
1365 3827 1448 3910 pigri
1472 3829 1619 3894 relatoris
1641 3829 1745 3914 impar
1767 3829 1880 3913 lingua
1896 3851 1993 3915 prae-

357 3929 444 3994 dicat
472 3929 632 3994 obsoletat
659 3935 692 3993 et
713 3930 799 4013 qnod
820 3929 1013 3994 inluminare
1038 3929 1149 3995 debuit
1172 3930 1234 3996 hoc
1256 3932 1341 3996 nube
1365 3933 1521 3998 sermonis
1537 3933 1727 4013 abscondit,
1763 3933 1817 3997 ubi
1839 3940 1992 4016 ageretur

356 4031 493 4110 rectius,
527 4032 554 4094 si
586 4052 668 4114 quae
698 4033 739 4097 ab
770 4033 843 4097 aliis
874 4032 1006 4117 poscitis
1037 4033 1107 4117 ipse
1138 4032 1288 4098 ederetis.
1341 4037 1380 4118 (7)
1409 4035 1499 4102 Vnde
1530 4043 1636 4102 certus
1664 4038 1818 4120 intellego
1845 4057 1909 4102 non
1932 4058 1991 4102 vos
2012 4049 2044 4089 ³⁵

356 4154 451 4219 posse
474 4133 657 4199 huiusmodi
679 4136 829 4220 quopiam
853 4136 1011 4220 indigere,
1039 4136 1097 4201 sed
1120 4137 1154 4201 id
1176 4138 1319 4202 voluisse
1343 4146 1377 4204 ut
1400 4139 1440 4204 de
1465 4140 1645 4224 peregrinis
1661 4141 1757 4205 etiam
1773 4147 1881 4206 nostra
1897 4141 1991 4207 vobis

354 4237 478 4320 aliquid
508 4237 638 4303 sitarcia
667 4260 729 4304 non
753 4247 903 4324 negaret,
937 4241 1027 4306 velut
1050 4241 1078 4306 si
1100 4241 1270 4325 quicquam
1293 4243 1375 4308 inter
1398 4244 1508 4326 fruges
1530 4245 1671 4310 triticeas
1695 4244 1873 4310 sterilitatis
1897 4265 1991 4312 meae

355 4339 493 4404 ordiatia
513 4341 686 4406 conferant.
740 4345 777 4423 (8)
806 4343 900 4408 Nunc
921 4344 1029 4426 itaque
1053 4365 1170 4410 causas
1194 4346 1415 4430 ambiguitatis
1438 4347 1471 4410 in
1495 4347 1617 4412 arbitrii
1634 4353 1754 4414 statera
1770 4349 1984 4432 suspendens,

355 4442 440 4525 eligo
469 4444 607 4508 rusticus
637 4447 769 4528 agnosci
798 4467 855 4532 per
886 4447 1123 4513 oboedientiam
1153 4449 1257 4532 magis
1289 4471 1384 4534 quarn
1414 4450 1585 4516 indevotus
1608 4450 1693 4516 effici
1716 4473 1773 4536 per·
1795 4452 1984 4536 doctrinam,

353 4552 389 4611 ut
417 4546 507 4612 cuius
538 4547 686 4614 fastidire
710 4549 856 4633 poteritis
879 4551 1042 4633 eloquium
1066 4553 1181 4617 saltem
1204 4552 1389 4639 adprobetis
1412 4554 1580 4638 affectum,
1615 4562 1647 4620 et
1669 4576 1710 4621 ne
1733 4555 1813 4620 milri
1835 4556 1991 4623 videlicet
2010 4567 2043 4610 ⁴0

355 4733 549 4740 --—--——-..h

440 4842 472 4892 29
492 4843 599 4904 Quintil.
622 4847 681 4893 tasi.
701 4846 733 4906 Χ,
754 4850 778 4906 1,
800 4849 867 4894 liri:
887 4845 915 4897 O.
936 4861 993 4896 vero
1012 4845 1143 4896 Caesarei
1161 4848 1212 4896 foro
1230 4852 1329 4896 tantum
1348 4855 1475 4910 vacasset,
1496 4864 1545 4899 non
1565 4851 1630 4898 alins
1649 4865 1681 4899 ex
1700 4853 1791 4901 nostris
1810 4857 1896 4900 eontra
1914 4851 1989 4901 Cica-

351 4943 436 4980 ronem
455 4933 637 4981 nominaretur.

438 5207 453 5256 i
472 5210 610 5258 constitura
629 5209 651 5256 E
775 5209 802 5258 ll
825 5210 856 5258 ad
875 5210 898 5258 Ε
1017 5214 1039 5259 si
1058 5211 1173 5280 quidem]
1190 5217 1288 5278 scripsi,
1308 5216 1329 5263 si
1348 5215 1411 5277 quid
1429 5216 1460 5280 E,
1481 5215 1547 5278 quod
1565 5216 1656 5265 sarius
1778 5216 1809 5268 13
1829 5217 1988 5287 conpererat]
2005 5219 2007 5222 ’

351 5293 448 5356 Sarius,
469 5301 626 5358 computaret
644 5296 668 5343 Ε
790 5297 820 5348 17
840 5294 895 5364 qui]
914 5298 942 5362 E,
964 5313 1028 5361 quae
1048 5299 1136 5348 Seruius
1258 5301 1290 5352 23
1309 5299 1460 5368 praeconiis]
1479 5302 1579 5363 Sarius,
1600 5304 1705 5363 premiis
1725 5303 1747 5351 Ε
1862 5303 1896 5355 24
1914 5313 1941 5353 et
1959 5309 1986 5354 in

350 5382 459 5428 ministri
479 5383 579 5430 solertia
596 5384 688 5432 durius
801 5388 926 5447 pontilicis
946 5393 1090 5436 ornamenta
1110 5387 1199 5437 Sarius
1327 5388 1359 5438 29
1378 5404 1445 5438 ronra
1464 5390 1563 5450 aliquid
1579 5388 1737 5457 deliberans]
1755 5391 1783 5455 Ε,
1805 5405 1888 5440 romae
1906 5393 1986 5442 libere

349 5468 425 5516 licuit
442 5470 481 5516 uti
499 5471 590 5519 Sarius
728 5471 834 5520 forsitan
853 5471 964 5540 galliam]
982 5475 1009 5521 in
1030 5476 1104 5534 gallia
1123 5475 1228 5524 forsitan
1248 5475 1337 5523 Sarius
1477 5475 1509 5525 30
1531 5478 1696 5539 incongruum
1717 5491 1772 5527 esse
1790 5475 1916 5546 persensi]
1934 5493 1983 5528 om.

350 5554 439 5602 durius
544 5552 623 5622 quod]
642 5557 704 5619 quid
722 5571 780 5617 ergo
799 5558 889 5608 durius
993 5559 1026 5609 32
1046 5559 1156 5628 sitarcia]
1176 5561 1205 5624 E,
1226 5564 1328 5611 saturtia
1349 5562 1448 5627 Sarius,
1468 5578 1506 5624 pr.
1527 5561 1642 5632 σιταριιὶα
1747 5563 1780 5614 38
1799 5561 1984 5631 conferantJE

349 5642 382 5691 to
401 5645 427 5690 et
445 5637 489 5710 ne]
507 5641 553 5690 hoc
571 5647 655 5690 autem
674 5643 763 5692 Sarius
868 5667 869 5676 ι
