4344 6142
941 297 1108 355 VENANTI
1127 297 1342 354 FORTVNATI

971 711 973 716 .
1104 645 1185 709 XXI

945 781 1002 858 De
1028 785 1173 880 Egircio
1198 783 1343 858 flumine

677 971 761 1035 Laus
783 970 839 1036 tihi
862 971 942 1037 forte
965 971 1069 1037 minor
1090 971 1211 1054 inerat,
1237 992 1392 1057 generose
1415 950 1608 1052 Garunna*

761 1074 788 1140 si
809 1094 873 1140 non
895 1073 1031 1158 exiguas
1052 1076 1142 1141 alter'
1156 1077 1290 1142 haberet
1313 1097 1431 1160 aquas:

674 1178 812 1244 lubricat
833 1177 885 1243 hic
906 1177 1055 1260 quoniam
1078 1185 1208 1246 tenuato
1229 1180 1387 1264 Egircius·
1399 1181 1531 1262 haustu,

761 1282 902 1367 praefert
922 1282 1053 1348 divitias
1074 1304 1216 1368 paupere
1238 1284 1324 1350 fonte
1346 1291 1429 1350 tuas.
1488 1323 1489 1330 κ

610 1407 622 1445 r
675 1384 813 1468 denique
835 1384 1025 1452 dissimilem
1048 1384 1076 1451 si
1098 1393 1250 1472 conparet
1271 1388 1357 1453 ullus
1379 1395 1563 1470 utrumque,

761 1488 813 1554 hic
835 1489 891 1554 ubi
913 1488 949 1554 fit
970 1489 1077 1572 rivus,
1103 1496 1137 1555 tu
1160 1497 1237 1576 puto
1258 1491 1353 1557 Nilus
1375 1491 1451 1556 eris.

675 1599 708 1658 te
730 1591 891 1658 famulans
913 1593 1026 1674 intrat,
1053 1591 1111 1658 sed
1133 1593 1217 1658 buno
1239 1601 1295 1659 tua
1317 1614 1417 1677 regna
1440 1592 1617 1659 refrenant:

763 1695 908 1761 Gallicus
930 1695 1080 1762 Eufrates
1102 1703 1136 1762 tu
1159 1695 1249 1778 fluis,
1274 1697 1336 1764 iste
1359 1699 1449 1763 latet.

678 1817 751 1864 nam
774 1806 926 1882 quantum
950 1799 1112 1866 Oceanum
1135 1801 1276 1866 tumidus
1298 1809 1332 1866 tu
1354 1801 1502 1867 cursibus
1524 1821 1642 1884 auges,

596 1921 624 1962 ro
763 1902 824 1969 iste
847 1909 920 1968 tuas
942 1909 1066 1969 tantum
1090 1923 1232 1970 crescere
1255 1912 1400 1989 praestat
1421 1925 1533 1989 aquas.

678 2005 798 2072 torrida
819 2007 1006 2091 praesertim
1030 2026 1101 2072 eum
1123 2007 1216 2073 terris
1239 2007 1370 2073 incubat
1392 2016 1500 2074 aestas

764 2129 803 2175 ac
826 2109 952 2176 sitiente
976 2111 1043 2176 solo
1065 2110 1166 2176 tristis
1188 2110 1319 2176 anhelat
1341 2131 1438 2195 ager,

680 2232 751 2278 cum
774 2213 870 2279 'litam
892 2213 992 2280 radiis
1010 2213 1212 2280 ferventibus
1235 2223 1348 2280 exarat
1368 2236 1446 2281 arva

721 2359 722 2364 κ
766 2323 799 2383 et
820 2318 908 2382 calor
929 2317 1067 2401 ignifero
1089 2338 1216 2383 vomere
1238 2318 1332 2386 findit
1353 2320 1501 2402 humum,

599 2438 628 2479 rr,
681 2419 855 2502 languidus
877 2427 1005 2486 arentes
1027 2420 1155 2504 fugiens
1177 2421 1231 2486 vix
1254 2420 1396 2506 explicat
1419 2421 1522 2487 undas

768 2529 801 2588 et
822 2541 893 2586 cum
916 2522 1005 2607 pisce
1029 2541 1086 2587 suo
1109 2523 1247 2608 palpitat
1268 2522 1338 2609 ipse
1361 2524 1474 2600 aimuh
1533 2599 1534 2602 Ἴ

681 2624 813 2692 flumine
836 2625 991 2691 subducto
1013 2633 1167 2692 vacuatas
1189 2627 1302 2692 lambit
1323 2628 1479 2710 harenae,

769 2729 901 2797 sedibus
922 2729 956 2794 in
978 2729 1114 2815 propriis
1136 2730 1211 2795 exul
1235 2731 1362 2796 oberrat
1383 2731 1495 2815 aquis,

682 2834 716 2901 in
739 2832 815 2899 limo
837 2833 996 2917 migrante
1019 2834 1091 2899 lacu
1114 2833 1310 2900 consumitur
1331 2835 1435 2900 amnis

600 2957 630 3000 ro
769 2944 917 3019 terraque
939 2935 974 2999 fit
998 2935 1115 3001 sterilis
1138 2957 1200 3020 quo
1222 2935 1283 3002 fuit
1304 2936 1391 3001 unda
1412 2957 1524 3021 rapax.

685 3039 836 3105 deficiunt
858 3047 928 3104 usto
951 3039 1072 3104 solacia
1093 3045 1208 3105 cuncta
1230 3039 1361 3122 rigoris,

770 3143 897 3208 nomine
919 3163 991 3209 cunr
1014 3133 1139 3228 proprio
1161 3142 1260 3208 tristis
1283 3151 1315 3208 et
1337 3163 1435 3228 aeger
1457 3151 1541 3227 eget.

686 3249 765 3314 forte
789 3247 891 3326 viator
912 3245 973 3312 iter
994 3245 1147 3330 gradiens
1169 3267 1234 3311 non
1255 3246 1378 3312 invenit
1400 3248 1551 3313 haustus:

773 3351 858 3417 unde
879 3349 961 3416 alios
983 3357 1104 3416 recreet
1126 3350 1180 3434 qui
1204 3349 1272 3416 sitit
1292 3350 1362 3435 ipse
1386 3351 1467 3416 sibi?

603 3476 634 3517 rs
687 3475 722 3520 se
746 3454 833 3540 cupit
853 3453 979 3519 infundi
1001 3452 1136 3536 fluvius,
1163 3454 1190 3518 si
1212 3454 1348 3538 porrigis
1371 3453 1475 3520 undas

780 3558 816 3640 (si
839 3565 946 3623 tamen
969 3564 1018 3623 est
1039 3555 1156 3622 fluvius
1179 3576 1273 3638 quem
1296 3557 1492 3623 madefactat
1514 3558 1632 3634 homol.

687 3662 825 3748 gurgitis
848 3661 1011 3746 inpressas
1034 3659 1147 3725 labens
1169 3667 1240 3726 rota
1262 3660 1370 3743 signat
1390 3661 1529 3728 harenas

774 3770 870 3848 atque
891 3762 1085 3829 resudantes
1104 3763 1209 3829 orbita
1231 3763 1315 3828 sistit
1336 3783 1447 3848 aquas.

690 3870 717 3935 si
739 3868 850 3934 venias
873 3865 1047 3949 equitando
1068 3865 1155 3930 viam
1179 3865 1239 3931 sub
1262 3873 1404 3951 tempore
1427 3867 1550 3944 cancri,
1631 3889 1634 3896 ·

606 3995 636 4034 ao
775 3971 957 4037 mammen
980 3967 1136 4035 insidiens
1159 3970 1281 4053 ungula
1303 3969 1419 4053 mergit
1441 3970 1526 4054 equi.

690 4076 829 4142 vidimus
852 4074 1003 4158 exiguum
1027 4070 1067 4137 de
1091 4072 1166 4138 limo
1190 4093 1322 4156 surgere
1344 4072 1484 4158 piscem,

777 4177 832 4262 qui
854 4176 1010 4242 retinente
1032 4175 1099 4240 luto
1121 4175 1297 4260 naufragus
1320 4182 1404 4241 errat
1426 4177 1532 4242 humo.

691 4301 750 4348 nec
771 4278 888 4344 fluvius
910 4297 970 4343 nee
992 4297 1124 4362 campus
1146 4279 1240 4344 adest
1260 4300 1320 4345 nec
1342 4286 1428 4346 terra
1448 4301 1508 4346 nec
1531 4281 1637 4347 unda:

777 4383 918 4469 piscibus
940 4380 1115 4448 inhabilem
1139 4382 1249 4447 nullus
1271 4403 1364 4448 arare
1386 4390 1505 4470 potest;

609 4510 639 4551 aa
692 4489 763 4554 sola
784 4485 903 4573 palude
926 4492 1041 4552 natans
1063 4486 1213 4568 querulos
1235 4485 1291 4552 dat
1312 4507 1392 4553 rana
1414 4507 1576 4553 susurros:

779 4590 921 4678 piscibus
946 4588 1087 4656 exclusis
1109 4587 1237 4655 advena
1258 4597 1372 4674 regnat
1394 4590 1496 4674 aquis.

428 4873 489 4924 XXI
508 4877 573 4923 amr
590 4875 617 4920 in
636 4871 730 4920 sidona
748 4870 899 4933 Apollinaris
916 4868 970 4919 cod.
991 4868 1159 4916 Laurentiano
1176 4871 1219 4928 fd,
1239 4870 1272 4915 96
1292 4870 1335 4930 (m.
1355 4867 1395 4918 8⁰.
1415 4883 1435 4918 s.
1457 4868 1518 4929 llll)
1538 4869 1583 4930 sol.
1601 4865 1671 4930 115⁹,
1691 4868 1727 4930 cs.
1746 4870 1779 4918 ad
1798 4871 1842 4932 XI,
1857 4874 1899 4922 95.
1914 4874 1947 4920 ‘26

361 4973 468 5009 sornrro
486 4935 545 5020 DL,
565 4969 677 5006 noracro
697 4958 723 5016 F,
744 4968 833 5005 oracio
855 4952 913 5002 GW
1029 4953 1037 5003 l
1061 4967 1179 5014 generosa
1198 4953 1299 5000 cabul
1413 4967 1544 5017 garonnae,
1565 4954 1605 5003 scd
1623 4969 1637 5002 c
1656 4969 1719 5004 cros.
1742 4955 1768 5017 Ο,
1788 4970 1885 5017 garoms
1902 4958 1980 5007 Lnar.

360 5047 374 5096 3
399 5047 495 5095 lubrica
513 5046 538 5093 D
675 5044 728 5092 hle:
757 5044 834 5090 fros.
854 5054 882 5088 cx
899 5055 913 5088 s
932 5040 968 5100 G,
998 5041 1048 5089 hnc
1067 5039 1143 5090 Lacr.
1283 5042 1388 5102 egirtius
1409 5041 1467 5104 CL,
1497 5041 1650 5102 egerciual‘
1785 5042 1930 5106 hdlneqne
1949 5043 1983 5092 Αἱ

361 5147 432 5195 oonp.
447 5128 583 5198 ACMBV]
596 5144 675 5193 comp.
693 5129 737 5178 OB
839 5123 1131 5192 dllt]sltDll,om.L
1235 5125 1351 5174 ihncli
1455 5129 1606 5178 serenentF
1709 5127 1983 5198 Benirrtcsfddlbhl

360 5218 535 5268 subederat.
669 5217 744 5264 fluuio
764 5213 804 5274 0¹,
823 5215 910 5262 hunlls
931 5210 993 5276 Οἳ,
1082 5213 1125 5262 illo
1143 5213 1166 5260 F
1301 5213 1454 5263 dtusmldls
1475 5215 1544 5276 (cros.
1566 5213 1636 5278 ulf}
1775 5214 1802 5265 li
1823 5216 1981 5264 torrldsmA

364 5304 394 5355 14
412 5318 529 5354 uomere:
549 5318 573 5351 m
594 5305 610 5354 l.
631 5317 679 5354 rur.
700 5300 847 5349 0¹ator'd.
965 5298 995 5348 15
1014 5301 1109 5349 arentis
1128 5298 1185 5347 126¹
1293 5299 1396 5361 ltilpsa
1417 5299 1447 5348 0¹
1555 5300 1585 5350 li
1605 5314 1693 5350 arenas
1711 5300 1779 5365 aff)
1888 5302 1918 5353 18
1937 5317 1983 5350 er·

360 5391 439 5440 sulG
554 5389 584 5438 ta
603 5388 784 5438 conrummltnr
801 5387 874 5444 annis
893 5387 917 5433 D
1033 5385 1065 5435 'lb
1084 5385 1183 5435 sterelis
1204 5383 1286 5433 elma
1388 5385 1421 5436 25
1439 5389 1547 5450 porrigis
1569 5386 1596 5434 0¹
1713 5387 1745 5437 27
1764 5388 1829 5450 lnpr.
1850 5385 1984 5455 AOMDR]

360 5479 434 5538 impr.
455 5475 522 5524 GBL
626 5489 712 5524 areum
731 5473 766 5534 M,
786 5472 906 5521 harenas:
927 5471 1068 5521 rcrbB¹
1172 5471 1205 5522 28
1225 5473 1298 5521 sistat
1318 5470 1348 5520 0¹
1455 5473 1487 5523 29
1505 5487 1532 5520 sa
1552 5471 1583 5520 0¹
1686 5476 1743 5521 msto
1761 5474 1840 5522 cancri
1859 5475 1984 5522 croacfl

362 5563 535 5612 adunantem
549 5559 666 5609 actm
677 5555 769 5626 Loca]
787 5559 899 5608 insidens
912 5558 942 5622 ll,
962 5559 1085 5608 insidians
1099 5559 1154 5620 DG,
1175 5560 1293 5608 insiliens
1313 5557 1478 5608 Mommscrsar
1581 5558 1614 5607 30
1632 5559 1719 5618 irrgnls
1735 5574 1786 5608 ror.
1806 5575 1835 5606 er
1853 5560 1947 5619 ungula
1964 5561 1984 5606 fl

362 5648 395 5702 33
413 5661 529 5712 campus:
550 5661 597 5710 pua
616 5649 633 5696 t.
646 5645 734 5695 raaB
820 5645 853 5694 35
871 5642 999 5712 querulos]
1017 5647 1178 5708 quaerutulos
1191 5644 1222 5704 R,
1242 5645 1364 5692 renoosF
1448 5645 1481 5695 aa
1499 5644 1532 5692 cd
1550 5647 1661 5707 piscibus
1681 5649 1698 5694 i.
1712 5661 1761 5706 ηιμ.
1780 5641 1792 5694 l
1809 5645 1884 5707 piscis
1901 5650 1927 5692 et
1940 5644 1984 5691 BL
