4456 6202
385 315 424 378 14
478 281 480 288 ’
991 307 1162 364 vnunnm
1181 305 1403 364 roarvnnrr

382 502 467 568 tione
498 502 633 566 laxaret.
668 499 804 564 Tamen
827 500 886 564 hoc
908 519 972 564 non
994 497 1152 564 dubitavit
1175 497 1395 564 misericordia
1417 497 1494 564 iusti
1516 498 1569 563 vel
1592 497 1776 582 perquirere
1800 498 1853 563 vel
1876 498 2012 564 donare.

386 609 446 690 (33)
475 603 545 683 Quo
575 603 678 688 pretio
700 603 880 688 persoluto,
916 601 1049 684 contigit
1071 608 1106 666 41
1128 607 1203 668 ante
1225 600 1395 668 basilicam
1419 619 1517 686 saepe
1540 601 1646 668 dictus
1669 602 1843 668 Sabarious
1866 608 2015 686 praeter-

380 709 443 776 iret
474 716 507 775 et
535 727 596 774 neo
624 713 733 773 tamen
756 706 857 772 oratio
878 706 998 790 quippe
1021 711 1211 772 occurreret.
1258 705 1320 783 Qui
1343 705 1473 770 domum
1496 723 1587 771 susm
1609 705 1796 788 ingrediens
1818 705 1928 773 statim
1952 705 2014 771 ad-

380 812 519 897 fligitur,
551 812 671 896 ligatur
699 817 733 877 et
760 810 883 877 catenis
911 809 1074 874 revinctus
1103 809 1146 874 ad
1164 815 1322 876 'sanctum
1352 808 1547 894 perducitur.
1595 810 1707 892 Neque
1737 809 1783 875 sie
1812 829 1833 875 a
1860 810 1914 894 pio
1945 809 2014 874 viro

381 915 600 984 misericordia
628 915 766 995 tollitur,
800 913 858 980 sed
881 912 987 980 statim
1011 913 1112 978 missa
1133 932 1228 998 prece
1251 913 1322 979 eius
1344 913 1507 980 obtinente
1530 912 1592 980 fide
1615 921 1781 998 purgatur.
1832 913 1893 997 (34)
1920 914 2051 979 Tunes

380 1018 499 1087 adiecit
515 1019 688 1086 Sabaricus
711 1018 819 1084 adhuc
840 1017 956 1101 viginti
979 1035 1094 1082 aurcos
1117 1016 1160 1082 ad
1182 1017 1320 1101 pretium
1343 1017 1429 1100 quod
1451 1023 1621 1102 acceperat
1643 1023 1675 1082 41
1697 1017 1738 1084 de
1755 1023 1882 1084 centum
1898 1017 2013 1083 solidis

380 1143 458 1190 crux
486 1124 529 1190 ad
560 1122 765 1208 sepulchrum
794 1122 882 1188 beati
904 1120 1124 1206 Synphoriani
1152 1121 1193 1186 ab
1223 1119 1294 1204 ipso
1326 1138 1484 1206 suspensa
1510 1127 1575 1202 est,
1610 1141 1693 1204 qnae
1716 1139 1817 1203 usque
1839 1121 1937 1187 hodie
1959 1140 2013 1187 res

379 1234 430 1294 441
455 1227 489 1293 in
517 1227 710 1294 testimonio.
764 1228 824 1309 (35)
853 1226 925 1304 Qua
953 1224 1142 1290 occansione
1170 1223 1230 1290 filii
1259 1225 1311 1290 vel
1340 1223 1428 1289 tiliae
1450 1225 1497 1290 ita
1519 1231 1630 1291 sancte
1653 1225 1832 1292 conversati
1854 1231 1944 1307 sunt,
1980 1231 2015 1290 ut

379 1350 437 1416 per
466 1331 662 1398 monasteria
688 1350 773 1396 nunc
796 1334 911 1411 regant
932 1327 1064 1412 agmina
1086 1327 1325 1394 monachornm.
1372 1329 1463 1406 Quae
1486 1347 1585 1393 causa
1606 1329 1701 1394 modo
1723 1328 1870 1395 mirabile
1893 1328 2014 1413 profuit

379 1436 465 1521 patri
485 1437 541 1502 vel
562 1435 711 1519 germini,
737 1442 773 1499 ut
795 1453 929 1519 parvum
952 1431 1106 1516 genitoris
1128 1429 1287 1515 flagitium
1311 1431 1447 1516 posteris
1469 1433 1619 1498 transiret
1640 1432 1675 1497 in
1697 1433 1830 1498 luorum.
2035 1451 2066 1492 sc

311 1543 358 1608 XI
473 1541 531 1622 (36)
560 1539 599 1606 In
620 1558 705 1623 pago
727 1537 890 1604 Alisiense
913 1556 965 1602 res
988 1541 1083 1619 gesta
1105 1541 1164 1602 est.
1212 1536 1358 1602 Coniunx
1380 1535 1525 1602 inlustris
1548 1537 1607 1602 viri
1631 1537 1757 1602 Vulfari
1778 1537 1931 1603 Destasia
1953 1557 2013 1604 no-

379 1644 465 1710 mine
487 1643 597 1709 vitalis
620 1643 691 1727 spei
713 1641 859 1708 distituta
881 1640 1021 1722 solatiis,
1049 1639 1182 1723 linguae
1205 1658 1320 1706 carens
1342 1639 1469 1721 officiis,
1496 1661 1554 1725 per
1575 1640 1708 1706 biduum
1730 1639 1797 1707 iam
1819 1647 1916 1722 muta,
1944 1641 2013 1725 spi-

378 1748 442 1814 ritu
466 1746 634 1813 deficiente
657 1746 870 1826 decumbens,
895 1744 1061 1829 adparatis
1084 1743 1246 1827 exsequiis
1268 1743 1333 1808 iam
1356 1744 1538 1828 palpitabat
1560 1744 1729 1810 exanimis.
1782 1747 1843 1826 (37)
1871 1744 1932 1816 Cui
1954 1764 2014 1810 eu-

378 1852 473 1936 logiis
496 1872 554 1936 444
575 1851 798 1936 presbyterum
821 1869 914 1915 suum
938 1848 1069 1915 directis
1093 1854 1141 1929 et,
1169 1847 1328 1914 violenter
1350 1847 1514 1933 adapertis
1537 1855 1759 1933 praemortuae
1782 1847 1950 1930 dentibus,
1977 1848 2013 1915 in

378 1976 433 2022 ore
462 1954 660 2035 transiectis,
694 1973 768 2019 mox
797 1961 832 2019 41
861 1953 972 2020 fauces
1002 1952 1179 2019 semivivae
1209 1952 1313 2034 liquor
1341 1951 1576 2019 benedictionis
1597 1952 1734 2032 introiit,
1768 1951 1875 2017 statim
1897 1951 2066 2036 incipitur

377 2066 580 2146 praemortua
609 2059 695 2125 vitae
717 2057 848 2124 flatibus
871 2057 1043 2137 anhelare,
1077 2055 1161 2121 oculi
1184 2075 1263 2122 nece
1286 2055 1427 2140 perclusi
1450 2056 1557 2121 lumen
1581 2055 1848 2137 (1141444414444,
1880 2061 2013 2140 414441
2141 2081 2142 2084 ¹

378 2163 547 2230 funereum
570 2163 727 2247 pallorem
750 2161 850 2227 facies
872 2161 908 2226 iu
930 2161 1076 2226 ruborem
1092 2159 1251 2241 transiret,
1279 2160 1381 2226 donec
1397 2159 1520 2226 cunctis
1535 2159 1739 2244 stupentibus
1755 2158 1918 2225 vivificata
1933 2179 2014 2225 con-

378 2273 526 2350 surgeret
547 2272 578 2333 41
601 2266 846 2332 circumstantes
869 2271 1031 2330 auctorem
1055 2263 1196 2330 muneris
1218 2263 1356 2347 gratiam
1379 2262 1612 2348 praedicarent.
1657 2262 1747 2342 Quae
1763 2262 1899 2346 singulis
1915 2262 2013 2329 annis

378 2370 531 2437 tributum
554 2370 641 2436 vitae
665 2369 761 2435 solvit
783 2388 840 2453 pro
861 2368 975 2453 pretio.

292 2475 357 2540 XII
468 2476 530 2558 (33)
559 2473 710 2540 Ceterum
739 2472 971 2539 revelationum
995 2489 1124 2536 suarum
1147 2469 1220 2553 quis
1243 2476 1400 2536 scrutator
1421 2471 1574 2552 introeat,
1607 2470 1657 2536 cui
1680 2477 1755 2537 ante
1778 2477 1927 2554 quattuor
1949 2493 2011 2538 au·
2032 2486 2064 2530 20

377 2597 489 2644 norum
520 2577 679 2643 curricula
706 2576 779 2661 ipsa
807 2575 1014 2661 episcopatus
1043 2575 1093 2639 sui
1121 2593 1220 2640 causa
1242 2594 1305 2639 non
1329 2580 1380 2639 eat
1400 2574 1612 2640 abscondita?
1660 2577 1722 2658 (39)
1749 2577 1861 2658 ltaque
1885 2577 2013 2660 positus

378 2701 491 2767 sopore
525 2681 657 2766 inspicit
688 2702 709 2746 a
741 2679 880 2764 quodam
914 2698 990 2745 sene
1021 2679 1130 2745 claves
1160 2677 1222 2743 sibi
1252 2685 1363 2762 portae
1392 2678 1575 2744 Parisiaeae
1605 2679 1746 2762 porregi.
1802 2679 2013 2764 Interrogare

378 2785 456 2869 quid
478 2785 539 2850 hoc
560 2783 660 2866 fieret,
688 2783 813 2866 accepit
834 2783 869 2848 in
892 2801 1090 2866 responsum,
1117 2788 1152 2846 ut
1175 2781 1285 2846 salvas
1308 2800 1365 2847 eas
1387 2780 1520 2850 iaceret.
1567 2781 1661 2861 Quod
1683 2790 1756 2867 post
1777 2782 1918 2848 civitatis
1940 2784 2012 2850 eins

378 2889 528 2975 episcopo
550 2887 737 2968 decedente,
765 2887 841 2952 dum
864 2885 1172 2971 praecellentissimo
1195 2885 1265 2968 regi
1287 2885 1537 2952 childeberctho
1559 2895 1746 2968 occurreret,
1773 2887 1806 2952 in
1828 2886 1899 2952 eius
1922 2888 2011 2954 elec-

377 2993 463 3059 tione
485 2993 634 3059 effeotum
657 2992 716 3056 illa
738 3011 800 3055 vox
823 2989 949 3056 meruit.
1003 2991 1064 3072 (40)
1092 2987 1333 3072 Ordinatusque
1355 2989 1499 3073 pontifex
1522 2989 1628 3072 qualis
1651 2997 1851 3073 quantusque
1875 3009 1910 3057 se
1934 3011 2013 3075 ges-
2033 3005 2065 3048 ²⁵

378 3097 470 3178 serit,
504 3097 565 3162 hoc
594 3095 748 3180 expedire
778 3094 890 3176 lingua
917 3092 1063 3159 mortalis
1092 3111 1156 3157 non
1186 3091 1322 3175 sufficit,
1357 3093 1508 3175 qnoniam
1531 3113 1629 3178 supra
1650 3094 1812 3160 hominem
1835 3094 1896 3160 fuit
1917 3115 2014 3162 omne

378 3200 463 3285 qood
486 3200 598 3266 edidit.
645 3198 792 3282 Denique
814 3199 952 3281 adeptus
975 3196 1114 3280 gradum
1137 3215 1233 3262 curae
1256 3197 1427 3280 pastoralis
1449 3197 1629 3282 episcopos,
1662 3197 1702 3264 de
1724 3198 1821 3264 relico
1845 3218 1921 3264 vero
1944 3219 2015 3264 mo-

376 3306 500 3371 nachus
527 3303 732 3389 persistebat.
785 3304 845 3385 (41)
873 3303 956 3367 Η144
987 3321 1021 3366 44
1050 3301 1329 3383 frequentantibus
1353 3304 1526 3369 exercebat
1547 3303 1686 3387 vigiliis,
1719 3303 1794 3370 inde
1817 3304 2014 3371 continuatis

376 3409 562 3474 macerabat
584 3405 712 3472 inediis.
753 3407 967 3473 Pernootabat
991 3405 1103 3489 algida
1126 3411 1276 3470 senectus
1299 3426 1356 3490 per
1378 3406 1516 3471 hiemem
1539 3408 1700 3474 sustinens
1724 3407 1894 3493 dupliciter
1909 3407 2015 3492 frigus

376 3513 493 3579 aetatis
516 3518 548 3579 et
569 3509 737 3595 temporis,
772 3508 857 3593 quod
879 3529 940 3576 uec
960 3510 1098 3576 tolerare
1120 3509 1244 3593 possint
1272 3509 1427 3593 potolenti
1449 3508 1600 3592 invenes,
1637 3511 1674 3577 se¹
1694 3512 1800 3596 ipsum
1823 3531 1906 3596 pene
1930 3511 2014 3578 obli·
2034 3525 2066 3567 ³⁰

376 3617 503 3682 4144444
533 3614 752 3699 4444141444
782 3613 939 3697 corporis,
973 3619 1136 3696 tamquam
1166 3612 1194 3677 si
1223 3611 1320 3677 simul
1350 3613 1565 3682 accessissent
1595 3615 1737 3698 dignitas
1764 3613 2010 3682 414444441144.

382 3720 442 3804 (42)
470 3720 562 3797 Quae
589 3737 665 3784 vero
695 3718 921 3801 eleemosynae
951 3723 1017 3782 tam
1045 3716 1085 3781 de
1108 3716 1203 3781 rebus
1227 3716 1385 3782 ecclesiae
1408 3737 1505 3799 quam
1527 3718 1639 3802 populi
1662 3717 1822 3785 oblatione
1845 3719 1897 3784 vel
1922 3719 2014 3803 regio

377 3843 508 3889 munere
530 3842 588 3907 per
608 3840 723 3886 manus
747 3821 850 3886 sancti
872 3820 978 3886 factae
1002 3827 1084 3902 sunt,
1112 3819 1200 3885 solus
1223 3820 1280 3886 ille
1303 3820 1358 3903 qui
1380 3820 1487 3886 omnia
1510 3821 1570 3886 scit
1592 3828 1624 3886 et
1646 3822 1734 3888 novit
1757 3827 1789 3887 et
1810 3831 1971 3889 numerat.

276 3927 356 3992 Xlll
470 3927 531 4008 (43)
557 3924 706 4008 Denique
728 3925 867 4007 quadam
891 3923 961 3990 vice
980 3922 1309 4008 praecellentissimos
1325 3923 1591 3990 Ohildehercthus
1614 3945 1671 3990 rex
1694 3945 1766 3991 cum
1789 3925 1819 3991 ei
1836 3926 2016 3994 direxisset

378 4049 436 4095 sex
466 4029 558 4094 milia
588 4029 761 4095 solidorum
788 4028 986 4113 pauperibus
1016 4026 1196 4110 eroganda,
1231 4025 1419 4111 expendens
1448 4027 1512 4094 tria
1540 4028 1633 4094 milia
1660 4028 1830 4095 revertitur
1851 4029 1901 4095 ad
1918 4032 2014 4114 pala·
2034 4045 2067 4086 ³⁵

376 4132 468 4199 tium.
509 4133 729 4215 Interrogatus
752 4153 773 4197 a
795 4152 882 4214 rege,
909 4131 937 4196 si
960 4131 1066 4196 adhuc
1090 4130 1247 4196 resideret
1269 4128 1353 4213 quod
1376 4131 1489 4214 egenis
1511 4131 1673 4214 tribueret,
1701 4133 1866 4218 respondit
1885 4134 2014 4201 medie-

377 4242 476 4303 tatem
504 4235 666 4302 resedisse
695 4255 755 4301 uec
783 4234 945 4302 invenisse
968 4235 1081 4319 inopes
1104 4234 1220 4318 quibus
1242 4241 1344 4300 totum
1367 4235 1573 4318 expenderet.
1626 4236 1688 4320 (44)
1716 4235 1777 4304 (lui
1799 4257 1854 4302 rex
1877 4236 2009 4321 inquid:

377 4338 536 4416 Domine,
570 4338 655 4404 dona
682 4339 768 4423 qood
795 4339 921 4404 restitit.
970 4339 1053 4403 Nam
1077 4337 1203 4403 Christo
1226 4337 1384 4422 largiente
1408 4338 1494 4420 quod
1517 4338 1651 4406 donetur
1672 4361 1736 4406 nou
1759 4340 1877 4407 deficit.
1925 4342 2015 4408 luci-

380 4443 460 4510 dens
483 4447 600 4508 aurata
621 4442 777 4524 missoria,
804 4451 960 4527 argentea
981 4462 1061 4509 vasa
1084 4442 1311 4518 comminuens,
1339 4441 1498 4524 quidquid
1520 4443 1657 4527 primum
1675 4445 1790 4511 habuit
1803 4445 1885 4510 dans
1902 4464 2015 4512 sacer-

379 4546 445 4612 doti
467 4565 508 4611 ue
530 4544 688 4630 perderet.
740 4546 802 4628 (45)
829 4547 907 4612 llrat
928 4567 1005 4631 ergo
1028 4545 1231 4630 expectanda
1254 4546 1414 4612 contentio
1435 4546 1520 4612 inter
1543 4548 1743 4614 sacerdotem
1766 4555 1799 4616 et
1818 4549 2010 4635 principem.
2034 4563 2067 4605 ⁴⁰

380 4649 559 4716 Faeiehant
581 4648 670 4734 apud
692 4667 728 4714 44
751 4649 790 4716 de
813 4650 1033 4717 misericordia
1054 4669 1195 4735 pugnam
1219 4649 1315 4716 etde
1338 4649 1458 4734 pietate
1482 4657 1653 4733 certarnen,
1680 4652 1848 4718 thesauros
1867 4659 2016 4738 414444-

379 4760 492 4837 gerent
514 4751 609 4818 etde
633 4753 700 4818 suis
722 4755 854 4821 talentis
877 4754 973 4839 egeni
997 4753 1195 4834 ditiscerent,
1223 4752 1333 4820 festini
1355 4752 1398 4818 ad
1413 4751 1520 4820 141444
1535 4755 1635 4837 14444,
1662 4761 1697 4821 41
1712 4756 1881 4822 bratheum
1897 4775 2014 4824 semen

377 4862 520 4924 sererent
553 4864 587 4922 et
610 4864 683 4942 post
704 4875 866 4925 messores
887 4857 1081 4924 accederent
1103 4858 1303 4922 aurolentam
1325 4875 1383 4941 per
1405 4864 1566 4940 segetem:
1601 4864 1636 4925 ut
1657 4859 1808 4925 sacerdos
1831 4860 2015 4945 locupleta-

464 5119 480 5168 3
499 5121 605 5169 44411441
624 5116 694 5168 120²
819 5115 926 5186 quippe]
944 5119 974 5182 P,
994 5132 1094 5181 qnoque
1116 5114 1149 5166 0²
1289 5117 1420 5167 34414444
1438 5119 1462 5165 P
1600 5117 1720 5186 lhodle]
1737 5119 1881 5169 hodiernam
1900 5122 1969 5170 diem
1993 5123 2017 5170 (1

378 5205 568 5256 8444444411
680 5204 875 5255 114411441111
990 5203 1159 5253 12414441
1263 5203 1521 5265 1344144144441Ρ1
1625 5207 1772 5267 englogissl
1789 5206 1820 5254 P¹
1931 5207 2018 5258 1514-

378 5289 451 5360 quor]
471 5288 549 5352 11202,
563 5293 633 5354 ligor
653 5290 683 5338 1³¹
790 5289 820 5339 17
840 5292 945 5342 1444444
962 5292 1057 5354 4411444
1076 5291 1099 5338 P
1203 5289 1235 5340 13
1252 5291 1332 5352 gratis
1350 5290 1373 5337 P
1475 5290 1740 5354 22444411144444.
1848 5291 2013 5362 2314]4ηι.

377 5379 399 5428 0
526 5380 652 5441 responsis
670 5377 721 5441 1²1,
732 5393 797 5428 sors.
937 5377 971 5428 24
990 5374 1184 5444 childeberctho]
1204 5381 1297 5439 scripsi,
1319 5377 1353 5438 cs.
1374 5391 1449 5426 cosm.
1474 5378 1514 5437 Vr,
1537 5379 1561 5439 2,
1583 5379 1800 5440 1344111144144414
1817 5393 1912 5440 semper
1931 5381 1979 5430 ΡΘ

378 5467 527 5516 electionem
549 5466 570 5514 G
713 5463 745 5513 27
765 5460 853 5531 441144]
873 5464 901 5527 Ρ,
928 5464 962 5525 ef.
984 5465 1130 5514 indecem.
1156 5465 1197 5528 Vl,
1218 5467 1235 5513 8
1380 5461 1452 5530 uero]
1471 5479 1532 5515 eras.
1557 5463 1579 5510 G
1726 5464 1958 5527 assequentibus
1981 5467 2019 5517 02

378 5551 412 5604 30
429 5552 562 5614 44441111,
584 5547 733 5614 posseutP2
836 5550 868 5600 33
887 5548 946 5618 4411]
959 5553 1059 5600 sicutP
1161 5549 1322 5600 numeretP¹
1427 5549 1631 5615 3844444141,
1652 5547 1800 5601 (14114141Ρῖ
1905 5551 1940 5601 43
1959 5569 2018 5606 mes

378 5637 420 5701 1²¹,
440 5643 523 5689 messe
541 5635 575 5686 Ρ2
679 5638 820 5686 acciderent
838 5637 884 5686 PG
989 5639 1120 5688 aurolenta
1137 5651 1182 5701 per
1200 5638 1347 5698 segitemP
