4506 6248
821 311 1022 374 chamnvlt
1041 316 1212 380 prmum.

538 502 620 569 alter
642 504 671 570 si
692 504 812 589 ploret,
839 511 962 590 currat,
989 513 1068 589 stet,
1094 505 1238 590 gaudeat
1257 505 1381 590 infans,

625 614 701 673 ante
723 608 833 674 oculos
855 608 923 675 nati
945 609 1029 675 ludit
1048 608 1157 692 imago
1180 597 1239 675 sni.

538 729 634 791 quern
657 711 758 777 semel
781 711 913 792 effudit,
939 719 1134 796 perennata
1155 717 1318 778 momenta
1339 709 1487 795 requirit,

437 829 484 870 ³⁷⁰
624 832 685 879 nec
706 813 845 879 miserae
868 813 979 880 matris
1000 813 1121 899 pendet
1141 814 1185 880 ad
1207 835 1264 880 ora
1286 834 1375 900 puer.

538 915 616 998 qnid
639 915 668 981 si
690 916 781 982 aliud
803 917 953 1000 gravium
980 917 1134 983 moriatur
1158 924 1193 985 ut
1213 916 1284 1002 ipse
1306 915 1449 1001 iugalis?

625 1039 709 1102 quae
731 1039 815 1085 nova
837 1026 938 1104 nupta
960 1019 1022 1085 fuit
1043 1019 1109 1085 iam
1131 1020 1266 1086 viduata
1287 1020 1382 1086 iacet.

540 1119 581 1186 de
604 1122 746 1188 thalamo
767 1121 810 1186 ad
832 1123 1008 1204 tumulum,
1034 1122 1129 1188 modo
1152 1121 1308 1203 candida,
1334 1129 1400 1188 tam
1422 1121 1486 1188 cito
1508 1123 1603 1207 nigra

618 1231 693 1290 ante
715 1225 831 1306 quibus
854 1225 953 1291 caluit
974 1225 1095 1310 frigida
1117 1226 1261 1292 membra
1283 1232 1389 1306 tenet,

438 1343 486 1384 crs
539 1327 694 1394 construit
716 1327 873 1409 exequias
894 1347 1110 1412 perversaque
1133 1335 1209 1394 vota
1230 1328 1398 1394 celebrans

625 1437 760 1496 exornat
781 1431 954 1514 tumulum,
980 1431 1062 1513 hen,
1088 1431 1257 1516 spoliando
1280 1437 1394 1496 torum.

540 1551 639 1618 saepe
663 1533 843 1600 maritalem
866 1533 982 1618 repetit
1004 1533 1188 1600 miserando
1211 1533 1416 1618 sepulchrum

626 1643 872 1722 contemptaque
895 1637 991 1703 dume
1014 1637 1110 1703 funus
1132 1643 1241 1702 amata
1263 1637 1349 1702 eclit.

539 1738 695 1804 incumbit
716 1740 840 1805 tumulo
862 1739 985 1806 solacia
1006 1757 1101 1806 cassa
1123 1740 1306 1824 requirens3

439 1859 486 1900 ³⁸⁰
626 1841 718 1908 cuins
740 1844 885 1908 membra
907 1843 1013 1928 prins,
1039 1863 1124 1909 nunc
1146 1862 1245 1928 snper
1265 1862 1341 1908 ossa
1362 1841 1488 1927 premit.

539 1943 669 2010 fletibus
689 1944 844 2028 inriguis,
870 1946 1011 2031 perituro
1034 1945 1193 2028 carmine,
1219 1945 1328 2029 luget:

626 2046 749 2113 funeris
771 2047 923 2132 obsequio
946 2048 1068 2114 lumina
1090 2048 1196 2132 perdit
1217 2068 1316 2114 amor.

541 2157 618 2234 quot
639 2151 729 2216 mala
750 2151 900 2236 plebeiae
921 2151 1054 2218 veniant
1075 2151 1147 2234 quis
1170 2151 1313 2236 pandere
1334 2149 1456 2236 possiti

628 2251 685 2318 vix
706 2253 790 2319 bene
812 2253 945 2337 reginae
967 2274 1050 2338 qnae
1073 2253 1206 2320 viduata
1227 2260 1345 2319 manet.

440 2377 488 2418 ass
545 2357 626 2422 ‘non
648 2363 721 2422 vete
744 2355 948 2440 coniugium,
974 2356 1033 2422 sed
1055 2356 1202 2441 praefero
1224 2355 1360 2439 virginis
1381 2355 1503 2422 alvum'

628 2458 712 2540 quud
736 2457 792 2524 dat
813 2458 990 2544 apostolica
1012 2459 1133 2524 Paulus
1156 2459 1198 2524 ab
1221 2478 1276 2524 ore
1298 2459 1387 2524 tuba.

541 2560 652 2627 inclita
674 2559 857 2644 virginitas,
886 2562 994 2628 caelos
1017 2582 1100 2646 quae
1122 2561 1197 2628 dote
1219 2559 1370 2642 mereris,

628 2683 699 2730 cum
721 2664 875 2732 thalamis
897 2663 1018 2730 Christi
1039 2665 1254 2732 consocianda
1276 2665 1406 2750 places,

542 2767 656 2833 funera
677 2768 769 2833 nulla
790 2765 912 2851 gemis,
939 2768 1009 2834 sine
1032 2767 1134 2834 limite
1156 2767 1278 2851 gandia
1300 2767 1416 2842 sumis,

440 2891 488 2932 aso
628 2870 707 2936 vivit
728 2891 818 2936 arnor
840 2889 968 2956 semper
989 2891 1049 2937 nec
1070 2868 1131 2936 tibi
1153 2869 1299 2937 Christus
1321 2869 1399 2935 obit.

541 2973 609 3039 illic
630 2993 732 3057 regna
753 2979 862 3054 tenes,
890 2972 943 3039 hic
964 2973 1067 3039 vincis
1090 2980 1123 3039 et
1144 2973 1270 3057 integra
1293 2972 1400 3056 fulges

628 3075 714 3141 cmni
737 3083 806 3141 tuta
828 3077 916 3158 loce,
944 3075 1143 3142 sanctificata
1164 3075 1237 3142 dec.
1261 3113 1305 3124 -·

542 3180 631 3245 Haec
653 3179 728 3262 tibi,
755 3198 831 3244 cara
854 3180 932 3262 deo,
957 3179 1080 3246 meritis
1102 3178 1298 3245 venerabilis
1321 3179 1445 3262 Agnes,

515 3344 520 3354 .
629 3283 744 3348 offero:
772 3301 834 3364 qne
856 3282 1005 3367 placeas,
1032 3289 1066 3348 tu
1089 3281 1236 3348 faciendo
1259 3282 1365 3360 colas,

441 3408 490 3448 aas
541 3385 659 3453 iudicis
682 3393 717 3450 ut
738 3385 830 3452 iussu
852 3404 967 3451 munus
989 3385 1147 3452 tribuatur
1168 3385 1329 3469 unisque:

628 3489 756 3572 qnando
780 3509 896 3554 corona
917 3488 994 3570 tibi,
1021 3495 1097 3554 tnnc
1118 3488 1197 3554 mihi
1219 3489 1272 3555 vel
1295 3487 1399 3553 venia.

542 3599 617 3676 opto
639 3612 697 3678 per
718 3592 777 3657 hos
799 3590 929 3671 flnctus,
955 3591 1081 3656 animas
1103 3598 1156 3674 tn,
1183 3591 1328 3672 Christe,
1354 3590 1514 3673 gnbemes

628 3695 741 3760 arbore
764 3702 797 3760 et
817 3701 969 3760 antemna
991 3693 1174 3760 velificante
1196 3693 1315 3776 crucis,

543 3805 577 3864 ut
598 3805 671 3883 post
692 3817 839 3864 emensos
863 3796 1016 3862 mundani
1038 3797 1175 3881 gurgitis
1197 3803 1307 3863 aestus

441 3922 488 3962 soc
628 3902 662 3966 in
683 3907 810 3987 portum
832 3900 919 3967 vitae
941 3919 1001 3966 nos
1023 3905 1079 3966 tna
1100 3900 1216 3967 dextra
1236 3900 1330 3966 lucet.

276 4212 325 4262 367
345 4213 426 4276 ploret
443 4210 585 4281 Baccanae]
602 4214 683 4275 plorat
699 4210 769 4262 codd.
894 4217 966 4261 curat
985 4211 1013 4272 0,
1034 4216 1117 4261 annet
1135 4211 1157 4258 F
1277 4210 1328 4262 363
1345 4213 1457 4272 requiret
1476 4209 1550 4259 CMD
1672 4213 1722 4262 373
1740 4217 1835 4276 pendet

207 4293 280 4365 Pan]
297 4299 387 4360 pendlt
404 4299 476 4350 codd.
612 4297 659 4347 371
680 4299 732 4359 ipsi
750 4295 789 4346 M¹
928 4296 977 4346 3l2
996 4311 1063 4346 nona
1079 4303 1159 4359 nupta
1177 4292 1246 4364 B¹L]
1263 4310 1329 4348 noue
1348 4304 1428 4359 nupta
1445 4295 1538 4357 Dum,
1558 4301 1698 4361 noninupta
1716 4300 1838 4350 ACMRF

209 4385 297 4443 {plum
316 4387 343 4434 in
361 4381 401 4432 G.-
425 4385 581 4448 aduerblum)
723 4383 773 4433 373
793 4385 882 4433 talama
902 4381 930 4430 Μ
1067 4384 1167 4432 andita
1185 4390 1235 4432 tarn
1256 4381 1320 4444 OM,
1345 4383 1478 4432 madidata
1495 4384 1518 4432 B
1656 4388 1752 4445 nigrat·
1770 4386 1834 4434 atti

206 4469 257 4519 374
275 4470 339 4518 aluit
358 4471 381 4518 Δ
484 4469 615 4520 tund-0
721 4471 785 4518 tanlt
805 4467 865 4516 Cldl
978 4468 1028 4520 376
1047 4470 1146 4518 thorum
1166 4467 1187 4515 G
1293 4468 1342 4516 377
1361 4469 1475 4519 maritale
1492 4469 1562 4518 ΕΒΓ
1661 4469 1712 4522 373
1730 4479 1834 4522 contan-

206 4561 281 4618 taque
301 4554 329 4604 Μ
431 4563 525 4605 armata
544 4557 578 4618 D,
598 4571 682 4606 amara
699 4555 829 4604 Brevem
942 4554 993 4605 373
1010 4555 1118 4618 requirit
1134 4555 1157 4603 L
1269 4551 1318 4604 383
1337 4559 1398 4626 quot
1415 4552 1562 4623 aarum]
1580 4557 1647 4619 quud
1665 4557 1801 4606 ACM'DB

206 4641 306 4689 mutel>
410 4640 574 4704 pandoram
678 4640 728 4691 334
747 4643 812 4690 bone
831 4641 856 4688 D
961 4639 1011 4690 385
1029 4642 1169 4701 coniugium
1188 4636 1221 4685 0¹
1326 4639 1376 4690 336
1394 4642 1544 4704 apostholica
1562 4641 1592 4690 M
1695 4647 1720 4694 l.
1742 4643 1797 4694 eor.
1819 4646 1834 4692 7

206 4725 254 4777 337
274 4727 366 4786 inclyta
385 4727 435 4775 ML
565 4726 615 4778 333
634 4741 717 4776 amore
737 4727 757 4774 0
835 4759 837 4766 ,
876 4724 924 4776 331
945 4727 998 4776 illic
1017 4721 1104 4793 3103]
1123 4724 1321 4774 rrlucacnac
1442 4728 1509 4775 tanis
1530 4725 1587 4774 OM¹
1708 4729 1767 4779 hinc
1785 4729 1834 4778 DB

205 4811 265 4863 332.
280 4811 329 4861 333
347 4827 396 4862 om.
412 4813 432 4861 0
536 4812 585 4862 333
604 4813 669 4876 quod
683 4813 731 4861 AB
834 4813 931 4876 placeat
944 4813 967 4860 A
1073 4817 1116 4860 tue
1130 4813 1154 4859 Ι)
1259 4809 1308 4859 335
1327 4813 1425 4860 iussum
1440 4812 1462 4858 A
1567 4812 1616 4862 337
1636 4815 1724 4865 christi
1737 4813 1799 4864 M¹B

205 4912 332 4958 gunernea
354 4899 380 4959 0,
400 4900 527 4959 gubernas
544 4898 588 4960 Αἱ,
609 4900 732 4958 gubernas
751 4897 773 4945 R
890 4897 939 4947 333
961 4897 1085 4958 (antemna
1103 4895 1184 4958 codd.)
1292 4897 1429 4945 nllillcante
1448 4895 1570 4945 A¹CM¹D
1684 4899 1734 4950 333
1751 4907 1833 4950 aestus

205 4983 266 5032 lfflt
347 4985 439 5036 sabana
460 5001 486 5037 v.
505 4997 566 5034 cccc
584 4983 684 5033 ACMD
754 4987 865 5047 sequitur
882 4987 909 5032 in
927 4982 948 5028 0
968 4987 990 5032 at
1008 4986 1035 5031 ta
1053 4981 1198 5032 aditionibus
1212 4988 1270 5043 pust
1288 4984 1431 5032 Browcrum
1449 4998 1549 5033 cannen
1566 4986 1593 5032 in
1611 4985 1713 5036 laudem
1730 4993 1833 5036 sanatae

205 5072 299 5120 Mariae
318 5072 382 5134 quod
399 5072 512 5122 datham
531 5075 559 5122 la
576 5071 710 5133 appendice
