4336 6262
825 339 1258 398 vrrnsnucrrnnonrur.
1816 342 1853 405 81

223 532 321 599 tificis
344 533 491 600 hilariter
513 533 686 614 continere,
713 533 773 598 sub
798 530 1012 598 adtestatione
1035 530 1122 598 omni
1144 530 1253 596 domui
1276 549 1354 596 suae
1378 529 1543 614 praecepit
1565 535 1697 595 mortem
1713 529 1858 595 defuncti

157 661 158 664 ยน
223 636 374 720 cuiquam
403 637 492 702 nullo
521 633 615 701 modo
644 634 803 720 pandere,
837 635 897 702 sed
925 635 1002 718 quia
1029 635 1099 701 sine
1130 634 1242 700 dolore
1271 653 1365 699 nemo
1394 633 1511 698 amittit
1540 631 1626 716 quod
1655 652 1727 698 cum
1750 652 1858 699 amore

223 739 378 825 possidet,
405 739 461 806 din
483 740 590 806 celare
613 758 677 804 non
699 739 813 824 potuit,
840 739 917 822 quia
938 738 1069 806 interior
1092 736 1184 804 dolor
1198 736 1304 804 cordis
1320 736 1476 822 patefecit
1490 735 1679 801 exteriorem
1695 735 1858 801 tristitiam

224 843 376 928 corporis.
428 844 490 925 (80)
518 843 560 907 Vt
588 849 697 908 autem
727 849 857 909 sanctus
888 842 941 907 dci
971 848 1128 908 maestam
1157 841 1246 934 illius
1269 842 1383 906 domus
1406 839 1573 924 conspexit
1594 837 1768 920 familiam,
1802 839 1859 905 tri-

191 947 313 1013 ustitia
335 953 499 1032 correptus
522 953 554 1012 et
574 947 647 1030 ipse
669 946 710 1011 ab
734 952 895 1030 apparatu
916 944 1045 1030 prandii
1067 945 1276 1027 aliquatenus
1299 963 1334 1010 se
1358 942 1571 1026 suspendens,
1597 941 1753 1008 basilicae
1776 951 1859 1009 tem-

223 1052 313 1135 plnm
336 1050 501 1134 ingressus
525 1068 563 1114 ac
585 1048 769 1133 pavimento
793 1068 925 1135 corpore
947 1055 1126 1133 prostratus
1149 1067 1220 1113 cum
1244 1047 1385 1112 lacrimis
1408 1045 1570 1111 dominnm
1586 1046 1779 1130 deprecatus
1795 1052 1855 1128 est,

224 1161 259 1220 ut
281 1153 429 1219 tristitiae
452 1172 584 1218 causam
607 1172 672 1235 qua
698 1172 847 1218 maerens
878 1151 990 1217 domus
1021 1152 1214 1217 anxiabatur
1241 1150 1303 1216 sibi
1331 1147 1501 1215 ostendere
1532 1148 1729 1232 dignaretur.
1777 1148 1860 1215 Ora-

223 1256 310 1324 tione
346 1257 477 1341 expleta
515 1263 551 1321 ut
588 1275 688 1321 senex
722 1255 861 1320 surrexit
895 1254 935 1320 de
969 1255 1120 1338 pulvere,
1162 1253 1273 1338 puella
1306 1251 1465 1318 exanimis
1499 1251 1637 1318 surrexit
1670 1251 1711 1318 de
1745 1259 1855 1318 morte.

229 1361 290 1443 (81)
317 1360 408 1424 Tunc
438 1359 503 1424 iam
532 1357 637 1424 filetus
667 1356 873 1423 Baudolevus
904 1356 1068 1422 admirans
1098 1362 1208 1422 tantm
1238 1355 1365 1422 virtutis
1396 1354 1639 1434 excellentiam,
1673 1373 1743 1420 cum
1774 1355 1859 1421 omni

174 1462 339 1528 rodomus
370 1481 449 1528 suae
479 1461 606 1526 familia
634 1460 772 1546 pedibus
804 1459 907 1526 sancti
929 1466 1108 1546 prostratus
1130 1459 1239 1525 omnia
1261 1479 1344 1542 quae
1367 1459 1453 1524 lacta
1475 1458 1602 1524 inerant
1624 1456 1788 1525 humiliter
1808 1460 1860 1524 iu-

225 1565 354 1644 dicavit,
381 1563 466 1630 unde
490 1572 522 1631 et
543 1565 709 1630 inmensas
733 1563 763 1629 ei
786 1564 909 1648 gratias
932 1583 953 1628 a
975 1564 1062 1629 luctu
1085 1563 1119 1628 in
1141 1563 1298 1628 laetitiam
1321 1562 1441 1628 retulit.

315 1671 376 1751 (82)
404 1667 538 1734 Dicatur
564 1674 597 1732 et
618 1665 700 1732 illud
723 1666 891 1733 mirificum
914 1666 999 1750 qnod
1023 1674 1153 1732 sanctus
1175 1664 1228 1732 dei
1252 1667 1316 1730 iam
1339 1664 1522 1730 infirmitate
1546 1664 1695 1731 detentus
1716 1665 1856 1749 patravit
1879 1662 1974 1730 XXV

224 1772 426 1838 miraculum.
473 1771 543 1836 Hac
565 1770 676 1852 itaque
698 1790 771 1835 cum
796 1776 985 1853 urgueretur
1005 1768 1208 1850 infirmitate,
1236 1768 1299 1834 duo
1321 1769 1447 1853 pueruli
1470 1767 1573 1834 hostis
1595 1768 1765 1834 vexatione
1788 1767 1861 1852 agi-

223 1876 293 1958 tati,
319 1875 389 1941 eius
413 1873 559 1958 vestigiis
590 1893 625 1939 se
654 1880 893 1957 prosternentes
922 1873 1026 1938 cibum
1058 1871 1113 1954 qui
1144 1872 1206 1937 sibi
1236 1878 1310 1956 post
1332 1891 1423 1938 esum
1446 1879 1646 1938 remanserat
1666 1891 1737 1937 cum
1761 1872 1860 1937 bene-

175 1997 205 2038 rs
225 1978 364 2045 dictione
394 1977 561 2062 percipere
591 1983 787 2042 mernerunt.
836 1975 905 2054 Quo
936 1980 1069 2041 curante
1099 1975 1312 2041 medicamine
1345 1982 1479 2056 uterque
1509 1973 1605 2040 rediit
1625 1974 1795 2040 incolumis
1817 1974 1861 2039 ad

225 2081 365 2166 propria.
418 2083 479 2164 (83)
506 2079 651 2163 Cumque
680 2079 794 2146 beatus
818 2079 980 2145 Leobinus
1009 2098 1067 2163 per
1097 2085 1221 2164 septem
1251 2098 1353 2145 annos
1376 2077 1560 2144 continuata
1581 2076 1766 2144 infirmitate
1789 2078 1861 2161 agi-

224 2192 346 2252 taretur
376 2183 494 2250 divinis
517 2183 643 2250 actibus
665 2182 701 2248 in
723 2183 849 2248 caelum
872 2183 1014 2249 intentus
1037 2188 1070 2248 ct
1091 2181 1317 2248 miraculorum
1340 2180 1515 2247 honoratus
1537 2181 1733 2265 insignibus,
1767 2181 1861 2264 quasi

225 2309 341 2374 sopore
372 2287 549 2362 dormiens,
584 2287 737 2370 praemiis
760 2285 1015 2352 remunerandus
1037 2284 1171 2370 opimis,
1205 2290 1240 2350 ut
1262 2283 1370 2351 fidelis
1393 2304 1506 2351 servus
1528 2285 1684 2351 talentum
1706 2284 1768 2350 sibi
1792 2304 1862 2350 ore-

225 2393 328 2458 ditum
360 2390 557 2476 duplicatum
587 2397 770 2475 reportans,
803 2390 837 2456 in
868 2388 1023 2474 gaudium
1053 2387 1174 2454 domini
1205 2388 1255 2453 sui
1283 2387 1459 2454 intraturus
1481 2388 1608 2472 angelis
1631 2385 1861 2472 plaudentibus

172 2511 204 2553 2โฐ
225 2495 363 2561 feliciter
385 2493 537 2577 migravit
559 2492 602 2558 ad
624 2494 743 2560 caelos.

315 2600 375 2679 (84)
403 2596 464 2675 Qui
488 2603 596 2664 tamen
618 2602 790 2680 antequam
814 2596 1009 2680 sepulturae,
1022 2593 1210 2676 traderetur,
1237 2600 1376 2677 quantae
1399 2593 1526 2659 vlrtutis
1542 2593 1639 2660 luerit
1654 2595 1758 2675 vivus,
1785 2614 1860 2679 pro-
1882 2592 1991 2659 XXVI

224 2699 307 2766 didit
334 2707 488 2766 mortuus.
536 2699 685 2782 Denique
713 2720 786 2765 oum
811 2699 846 2764 in
868 2698 1038 2765 basilicam
1062 2697 1165 2763 sancti
1188 2697 1318 2763 Martini
1338 2697 1373 2761 in
1395 2696 1513 2763 feretro
1536 2697 1659 2780 positus
1682 2703 1862 2782 portaretur

224 2800 417 2876 humandus,
444 2801 574 2884 quidam
597 2801 639 2867 de
661 2801 939 2869 circumstantibus
962 2799 1038 2866 dnm
1062 2800 1155 2883 virga
1176 2799 1352 2882 gestatoria
1374 2799 1587 2884 frequentiam
1610 2800 1722 2884 populi
1745 2801 1860 2866 irrum-

224 2903 333 2988 pentis
355 2904 548 2988 prohiberet,
576 2905 709 2988 contigit
730 2912 766 2971 ut
787 2923 915 2970 crucem
938 2923 1010 2968 cum
1032 2901 1238 2987 lampadibus
1261 2902 1332 2967 oleo
1349 2903 1456 2987 plenis
1472 2901 1666 2987 pendentem
1682 2901 1725 2968 ad
1742 2910 1860 2969 terram

174 3024 205 3065 na
225 3013 451 3091 prosterneret.
504 3007 565 3090 (85)
593 3007 667 3072 Mox
689 3007 764 3091 ipsa
786 3026 880 3086 crux,
907 3005 1054 3070 mirabile
1078 3004 1184 3070 dictu!
1221 3004 1364 3071 funiculo
1387 3004 1473 3071 unde
1496 3005 1657 3086 ceciderat
1678 3026 1751 3071 cum
1775 3006 1862 3070 omni

225 3108 412 3192 integritate
441 3108 664 3195 lampadarum
694 3117 727 3175 et
756 3109 826 3175 sine
857 3108 922 3174 olei
950 3107 1142 3174 detrimento
1171 3107 1299 3173 nemine
1329 3107 1520 3174 sublevante
1550 3127 1624 3174 sese
1653 3107 1799 3173 innexuit
1829 3116 1862 3175 et

224 3232 414 3297 permanere
437 3213 470 3277 in
493 3212 595 3278 oculis
617 3211 757 3279 omnium
781 3219 816 3278 ut
838 3219 914 3277 ante
937 3217 1148 3278 consueverat
1170 3211 1290 3295 coepit,
1325 3216 1358 3276 et
1380 3211 1436 3276 ubi
1458 3211 1670 3277 credebantur
1691 3209 1860 3297 lampades

224 3315 405 3381 minutatim
435 3314 633 3396 confractae,
668 3335 729 3382 sua
758 3315 942 3399 integritate
975 3315 1100 3381 solidae
1130 3334 1189 3380 neo
1219 3315 1320 3379 ullam
1343 3314 1406 3380 olei
1428 3321 1552 3397 guttam
1575 3313 1788 3399 permiserunt
1810 3313 1862 3379 di-

225 3417 361 3484 stillare.
410 3418 464 3483 Sic
492 3417 671 3484 beatissimi
698 3417 757 3484 riri
789 3438 904 3504 corpus
933 3419 976 3485 ad
1006 3416 1137 3484 laudem
1160 3417 1283 3502 gloriae
1306 3437 1385 3484 suae
1408 3418 1538 3485 emIcuit
1560 3418 1677 3484 virtute
1700 3415 1804 3484 crucis
1826 3417 1860 3482 in

173 3541 204 3581 ao
224 3520 348 3590 funere.

316 3625 376 3706 (86)
405 3623 432 3690 O
461 3623 729 3708 gloriosissimum
758 3625 880 3707 virum,
914 3625 1005 3691 cuius
1035 3625 1150 3691 merita
1177 3623 1261 3690 adeo
1284 3625 1454 3690 valuerunt
1476 3623 1563 3710 apud
1587 3623 1788 3704 crucifixum,
1824 3629 1859 3689 ut
1881 3622 2009 3688 XXVII

224 3747 303 3793 crux
332 3747 416 3810 quae
445 3726 610 3794 ceciderat
637 3726 672 3793 in
700 3733 820 3793 terram
850 3727 920 3794 sine
943 3728 1042 3794 ullius
1066 3727 1263 3795 adminiculo
1285 3727 1329 3793 ad
1351 3727 1455 3793 locum
1479 3726 1566 3793 unde
1588 3734 1696 3793 ruerat
1718 3732 1860 3793 reverte-

224 3838 311 3897 retur
339 3831 475 3898 illaesa!
516 3829 544 3896 ฮ
573 3831 793 3897 venerabilem
816 3830 935 3897 Christi
962 3831 1147 3916 pontificem
1170 3830 1318 3897 custodia
1339 3831 1528 3914 angelorum
1549 3831 1668 3915 iugiter
1690 3829 1855 3910 munitum,

223 3933 316 3999 cuius
344 3934 462 4000 virtute
492 3952 552 3999 nec
581 3932 644 3999 olei
674 3933 779 4017 liquor
809 3934 960 4000 damnum
993 3954 1053 4000 nec
1077 3935 1145 4001 ulla
1166 3934 1295 4000 illarum
1320 3933 1544 4000 confractIonis
1567 3934 1740 4000 sustineret
1762 3932 1861 3999 detri-

172 4057 205 4098 as
224 4041 385 4102 mentum!
432 4037 492 4118 (87)
520 4037 603 4102 Vere
631 4037 750 4103 etenIm
781 4037 870 4103 illius
901 4037 1048 4121 gaudens
1079 4037 1188 4102 anima
1216 4036 1373 4121 gloriatur
1403 4035 1557 4103 felicitate
1579 4044 1713 4103 aeterna
1734 4037 1860 4104 habens

224 4139 410 4223 lampadem
437 4145 582 4206 sanctam
608 4139 888 4225 inextinguibilem
918 4141 1100 4223 lucernam,
1131 4139 1210 4225 quia
1239 4139 1309 4206 sine
1336 4138 1444 4206 laudis
1466 4140 1627 4207 humanae
1649 4160 1767 4226 pompa
1790 4141 1860 4207 eius

224 4261 340 4308 manus
369 4263 534 4326 nunquam
565 4243 707 4310 cessavit
735 4245 776 4310 ab
808 4264 905 4330 opere
936 4243 1190 4327 misericordiae,
1223 4244 1310 4328 quod
1332 4242 1494 4309 indicatur
1514 4243 1700 4310 huiusmodi
1721 4245 1855 4329 liquore.

224 4343 318 4409 Illius
347 4346 491 4429 potentia
517 4345 599 4413 haec
628 4345 722 4413 edita
746 4354 820 4413 sunt
848 4346 1004 4414 miracula
1033 4348 1087 4432 qui
1115 4367 1174 4433 per
1203 4347 1307 4413 crucis
1335 4346 1503 4432 tropheum
1531 4367 1552 4412 a
1580 4353 1681 4414 morte
1703 4355 1860 4433 perpetua
1979 4339 1990 4348 '

224 4445 361 4513 redemit
390 4467 494 4532 genus
519 4447 693 4516 humanum
717 4456 749 4516 et
771 4471 792 4515 a
813 4451 956 4537 peccatis
978 4449 1167 4517 mundatum
1191 4450 1282 4517 dedit
1303 4449 1519 4516 conscendere
1542 4451 1678 4516 caelum.
1731 4452 1792 4535 (88)
1819 4451 1861 4518 Et

171 4549 375 4633 aequoniam
404 4551 627 4635 gloriosissimi
655 4551 807 4618 antistitis
830 4552 963 4619 Leobini
993 4554 1161 4638 praeclara
1188 4553 1413 4618 mIraculornm
1444 4553 1617 4638 praeconia
1638 4553 1678 4619 ob
1701 4573 1860 4619 veneran-

224 4652 299 4719 dam
323 4673 431 4719 annua
453 4653 622 4721 devotione
644 4657 832 4723 memoriam
854 4657 1056 4724 narravimus
1079 4656 1302 4738 recolendam,
1329 4654 1370 4723 de
1394 4651 1682 4723 innumerabilibus
1706 4656 1860 4723 videlicet

312 4860 343 4912 ra
362 4861 451 4911 utun
472 4861 515 4926 aa,
535 4861 578 4914 ao.

313 5203 323 5253 l
345 5208 473 5256 continere
493 5205 605 5256 hilariter
624 5206 645 5267 Q
802 5205 930 5277 defuncti]
952 5209 996 5272 Po
1153 5211 1168 5262 3
1188 5211 1333 5259 interiorem
1353 5207 1376 5254 P
1531 5205 1739 5275 5allquatcnua]
1765 5221 1814 5258 om.
1837 5211 1858 5268 Q

224 5291 309 5354 'iqua
326 5288 452 5359 maerens]
471 5293 502 5356 P,
520 5307 629 5358 quemne
649 5291 695 5358 0ยน,
715 5309 791 5358 qnare
811 5293 850 5355 ฮแผณ
946 5295 962 5346 8
980 5297 1122 5346 resurrexit
1139 5296 1170 5346 ria
1188 5301 1268 5346 morta
1287 5295 1308 5356 Q
1417 5292 1446 5342 ts
1465 5295 1539 5355 pueri
1560 5292 1581 5352 Q
1686 5290 1858 5361 abretuna]

223 5376 310 5436 ormo
431 5378 464 5429 22
483 5377 631 5439 martynlO
753 5380 785 5430 23
805 5383 901 5445 uirgam
920 5382 1095 5444 gestatorir'rO
1209 5384 1375 5444 irrumpentis
1393 5382 1479 5446 popuii
1500 5378 1540 5442 (0)
1666 5380 1700 5430 24
1717 5381 1748 5430 ati
1766 5386 1858 5429 terram

223 5463 417 5526 pendentemO
539 5465 573 5516 29
591 5479 652 5516 snae
669 5467 762 5528 gloriae
782 5467 824 5530 (Q)
950 5469 980 5520 31
1000 5469 1063 5519 ariao
1080 5467 1213 5527 merlino
1336 5467 1369 5518 32
1387 5465 1499 5525 illluaO
1613 5466 1647 5516 34
1666 5467 1794 5516 sustinere
1813 5465 1856 5528 ฮฟแผฑ,

224 5552 369 5600 sustinuere
390 5548 423 5610 0ยฒ
598 5552 630 5602 ยณ5
648 5554 746 5602 animas
766 5553 797 5613 0ยน
973 5554 1006 5606 36
1024 5555 1248 5616 inextinguibilem
1266 5549 1404 5620 lucarnam]
1428 5565 1486 5602 cum
1505 5553 1697 5616 inextinguibili
1715 5552 1857 5612 incarneo

224 5634 257 5686 38
275 5637 358 5685 adleta
377 5635 398 5694 Q
502 5637 536 5689 39
554 5653 635 5701 genus
652 5639 759 5688 redemit
779 5639 819 5702 (0)
927 5641 961 5690 40
979 5637 1114 5708 mtiuttn]
1132 5638 1218 5699 0an

301 5735 433 5779 irruamus
447 5737 605 5782 Fortunam.
1618 5742 1645 5794 ยนยน
