4336 6262
328 288 368 350 98
634 282 829 339 OPVSOVLA
848 281 1042 340 VENANTIO
1061 281 1292 338 FORTVNATO
1310 282 1414 338 MALE
1432 282 1656 340 ATTRIBVTA

327 474 414 557 geris
435 473 565 539 alveum
589 492 700 539 secure
724 471 943 552 descenderet,
970 471 1138 537 Maurilius
1160 471 1280 537 ieiunio
1303 472 1459 557 fatigatus
1481 479 1514 538 et
1535 473 1678 539 oratione
1694 473 1726 538 in
1741 474 1834 541 navis
1849 495 1965 560 puppe

326 576 494 661 paululum
518 574 740 656 obdormierat,
767 594 839 640 curn
863 575 969 640 subito
991 574 1124 640 humani
1145 574 1274 659 generis
1295 575 1472 642 insidiante
1493 575 1622 642 inimico
1642 576 1770 644 diabolo
1785 586 1967 664 coeperunt

327 680 464 764 gurgitis
493 680 705 745 intumescere
735 677 868 760 fluctus,
900 678 947 744 ita
976 685 1011 743 ut
1033 678 1224 744 cadentibus
1247 678 1388 764 desuper
1409 678 1541 764 limphis
1564 680 1728 764 submergi
1749 681 1841 746 navis
1863 689 1962 746 autu-

327 791 468 850 maretur
495 783 530 848 in
557 781 663 847 undis.
707 780 799 862 ’(125)
826 781 910 847 Tum
939 781 1088 866 discipuli
1118 781 1231 848 timore
1261 782 1423 867 perterriti
1453 783 1770 849 6661161616616661
1794 783 1956 851 dicentes:

325 887 455 970 Exurge
491 884 675 968 quantotius
704 891 736 950 61
765 902 931 964 66666116,
970 883 1115 966 Mamili,
1157 884 1191 949 in
1222 904 1392 970 supremae
1421 885 1533 951 mortis
1562 884 1732 970 naufragio
1762 887 2004 954 constitutine

248 1005 253 1024 ⁹
324 988 581 1074 Expergcfuctus
610 986 808 1052 autemillis
832 987 1021 1053 clementius
1042 986 1161 1070 inquit:
1196 987 1288 1066 Quod
1311 987 1389 1053 mihi
1412 988 1568 1070 quaeritis
1591 1009 1666 1072 vos,
1698 989 1828 1073 fratres,
1860 989 1962 1055 satis-

325 1093 430 1158 facere
458 1091 622 1177 poteratis.
683 1091 765 1174 (iidl
793 1090 876 1155 Turn
905 1097 1039 1176 accepta
1068 1110 1151 1174 quac
1180 1091 1341 1158 benedicti
1365 1092 1498 1176 liquoris
1521 1099 1590 1158 erat
1611 1093 1777 1158 vasculum
1800 1092 1958 1178 ampulla,
2038 1115 2042 1122 ·

325 1216 400 1262 mox
422 1203 457 1262 ut
479 1196 584 1261 oleum
608 1214 679 1259 cum
703 1192 846 1259 oratione
868 1199 901 1260 61
924 1192 1017 1276 signo
1040 1201 1172 1260 ι666166
1195 1193 1299 1260 crucis
1321 1194 1355 1260 in
1370 1195 1531 1279 gurgitem
1546 1196 1709 1280 respersit,
1735 1195 1793 1261 illa
1808 1196 1962 1262 saeviens

323 1298 525 1384 tempestatis
556 1297 698 1383 procella
726 1296 912 1382 temperatis
940 1295 1071 1362 flatibus
1100 1297 1312 1381 aequatisque
1344 1297 1500 1364 undarum
1531 1298 1671 1365 molibus
1701 1299 1863 1384 extemplo
1887 1318 1962 1365 ces-

324 1401 417 1468 savit.
465 1401 559 1468 Laeti
581 1420 658 1484 ergo
680 1406 713 1466 61
733 1400 912 1466 incolumes
935 1407 970 1465 ut
991 1407 1182 1484 aptaverant
1203 1408 1421 1485 pervenerunt
1441 1401 1484 1467 ad
1507 1409 1643 1488 portum.
1985 1425 2019 1466 ro

209 1504 303 1570 XXV
417 1491 501 1588 (117(
529 1505 727 1570 Adolescens
748 1502 880 1586 quidam
904 1502 1122 1570 catecuminus
1146 1503 1187 1570 de
1209 1524 1342 1570 numero
1364 1505 1524 1572 ecclesiae
1540 1505 1602 1571 sibi
1618 1505 1807 1572 commissae
1822 1507 1961 1572 absente

323 1608 471 1674 Maurilio
500 1615 566 1674 tum
592 1606 816 1673 vehementem
838 1606 961 1672 febrem
985 1607 1178 1690 incurrerat,
1212 1615 1248 1673 nt
1268 1613 1443 1692 antequam
1466 1609 1549 1675 sacri
1572 1609 1669 1675 fontis
1691 1609 1883 1694 baptismate
1907 1629 1963 1674 re-

323 1710 472 1796 generari
502 1710 671 1796 potuisset,
706 1709 853 1794 spiritum
884 1709 1064 1776 exhalaret.
1111 1710 1180 1776 Nec
1208 1730 1298 1776 mora
1325 1718 1477 1797 parentes
1499 1711 1602 1797 ipsius
1623 1729 1689 1778 non
1710 1712 1780 1778 sinc
1800 1711 1961 1778 inmensis

324 1834 362 1880 ac
384 1813 502 1880 crebris
526 1812 674 1897 suspiriis
697 1812 956 1897 singultibusque
979 1820 1076 1897 atque
1099 1813 1252 1898 lacrimis,
1278 1813 1354 1882 dum
1377 1815 1468 1880 locus
1490 1814 1595 1882 funeri
1617 1823 1793 1901 pararetur,
1820 1835 1894 1881 euru
1915 1814 1962 1880 ad

324 1917 495 1985 eeclesiam
522 1916 720 1998 detulerunt,
754 1935 826 1981 eum
849 1917 954 1984 subito
976 1918 1092 1983 beatus
1115 1917 1284 1983 Mourilius
1306 1917 1424 1984 adesse
1447 1918 1622 1984 nuntiatur.
1675 1919 1757 2000 (128(
1784 1916 1846 1994 Qui
1869 1937 1961 1983 corn-
1985 1941 2018 1982 rs

322 2029 412 2107 66116
435 2019 520 2104 quod
543 2019 613 2086 sine
636 2019 838 2104 baptismatis
861 2020 1004 2086 remedio
1027 2021 1140 2087 ultimo
1163 2020 1351 2105 fungeretur
1373 2021 1473 2088 offitio
1494 2021 1663 2106 ingemuit.
1707 2023 1790 2086 Turn
1812 2021 1961 2088 sentiens

323 2125 550 2212 perspiritum
573 2123 637 2190 sibi
658 2123 775 2190 adesse
798 2124 958 2206 virtutem,
986 2124 1098 2209 egredi
1121 2144 1233 2190 ornnes
1256 2125 1407 2206 cellulam
1430 2125 1464 2191 in
1487 2146 1551 2210 qua
1573 2143 1687 2210 corpus
1701 2123 1829 2190 iacebat
1841 2123 1976 2209 sponte·

322 2229 503 2315 praecepit,
539 2227 593 2293 uhi
623 2226 800 2311 singularis
828 2246 899 2291 curn
922 2246 1022 2312 puero
1044 2247 1214 2294 remanens
1238 2228 1389 2294 demere
1411 2228 1583 2314 prostravit
1605 2247 1640 2294 66
1662 2228 1697 2292 16
1719 2227 1861 2293 oratione
1884 2247 1960 2293 cum

322 2332 443 2418 gemitu
466 2339 499 2398 61
520 2330 630 2414 rigans
652 2329 795 2396 lacrimis
819 2330 935 2411 solum,
969 2329 1169 2397 1161661616
1193 2330 1296 2416 spatio
1319 2331 1414 2397 unius
1436 2332 1534 2397 horae
1556 2332 1767 2414 intergresso,
1793 2329 1876 2396 11611
1897 2331 1961 2396 de-

258 2429 259 2432 ’
322 2436 464 2501 functum
495 2432 675 2518 palpitante
704 2431 818 2517 spiritu
841 2433 997 2517 paulatim
1020 2433 1172 2499 membris
1195 2434 1343 2500 omnibus
1366 2435 1574 2515 commoveri,
1607 2453 1702 2517 quem
1726 2432 1833 2498 statim
1856 2439 1893 2498 ut
1915 2432 1960 2500 de
1983 2455 2018 2498 nc

321 2538 465 2604 oratione
494 2535 632 2602 surrexit
660 2534 847 2620 parentibus
875 2535 930 2618 qui
958 2555 1015 2620 pro
1045 2536 1168 2602 foribus
1194 2536 1363 2603 astiterant
1393 2536 1500 2602 vivum
1532 2544 1563 2604 et
1590 2537 1785 2603 incolumem
1814 2534 1962 2602 reddidit

321 2661 359 2708 ac
382 2660 473 2706 sacro
493 2639 687 2724 baptismate
710 2638 917 2706 consecravit.

189 2742 298 2807 XXVI
414 2745 494 2826 (129)
522 2742 611 2808 Duos
641 2741 779 2824 denique
808 2742 953 2827 leprosos
983 2743 1042 2807 sub
1071 2742 1143 2827 ipso
1175 2751 1319 2828 tempore
1342 2743 1501 2829 pervariis
1523 2742 1709 2810 vulneribus
1731 2743 1883 2809 obsessos
1907 2751 1962 2810 at-

321 2868 383 2932 que
409 2845 570 2926 foedatos,
604 2843 681 2910 dum
704 2844 819 2911 salutis
844 2844 1022 2911 remedium
1045 2846 1182 2912 616616
1205 2846 1354 2931 pontifice
1376 2848 1577 2931 postularent
1599 2846 1721 2931 611666
1743 2843 1829 2928 quod
1851 2844 1961 2910 dorni-

321 2971 381 3017 nus
411 2970 466 3016 cos
495 2950 622 3016 salvare
651 2947 840 3033 dignaretur
869 2949 1035 3016 humiliter
1051 2950 1284 3035 responderet,
1318 2949 1394 3016 ilico
1424 2952 1521 3016 verbo
1544 2955 1668 3015 tanturn
1690 2947 1872 3015 medicante
1895 2950 1960 3016 sub
1982 2971 2017 3014 16

319 3060 478 3120 momento
501 3052 635 3119 curavit.

171 3154 298 3220 XXVII
412 3161 492 3240 (1311(
522 3157 613 3234 Quae
641 3157 675 3222 in
705 3156 826 3221 sanetis
850 3156 917 3221 suis
941 3155 1088 3222 dominus
1112 3163 1262 3241 operatur
1284 3164 1359 3222 sunt
1381 3156 1511 3239 quidem
1534 3155 1729 3236 ineffabilia,
1763 3155 1822 3220 sed
1844 3163 1960 3222 tamen

319 3260 522 3327 incredibilia
550 3280 613 3325 non
644 3266 720 3324 sunt
746 3259 974 3344 omnipotentis
997 3259 1118 3325 Christi
1140 3259 1310 3325 miraculo.
1356 3259 1406 3325 De
1428 3261 1523 3326 beato
1545 3279 1621 3344 ergo
1644 3258 1793 3325 Maurilio
1815 3279 1880 3325 non
1903 3279 1961 3325 so-

319 3365 386 3430 lum
415 3364 585 3448 generales
616 3369 648 3428 et
676 3362 854 3428 cotidianas
884 3381 964 3445 quas
993 3383 1052 3448 per
1080 3383 1153 3450 eum
1176 3362 1324 3429 dominns
1347 3364 1541 3448 operabatur
1563 3363 1698 3428 virtutes
1721 3361 1778 3428 sed
1801 3363 1855 3427 vel
1879 3381 1960 3447 spe-

319 3468 418 3534 ciales
440 3473 563 3533 tanturn
587 3473 619 3532 et
642 3465 835 3551 praecipuas
858 3466 997 3532 scribere
1020 3466 1118 3550 digne
1141 3465 1214 3549 quis
1237 3466 1371 3551 poterit?
1420 3467 1502 3550 (131)
1531 3467 1635 3532 Vnum
1650 3465 1709 3532 sed
1723 3472 1831 3531 161666
1846 3465 2014 3532 adhucne

318 3569 466 3635 mirabile
491 3569 680 3634 miraculum
710 3567 798 3651 quod
825 3568 944 3634 nostris
973 3569 1120 3635 omnibus
1150 3577 1182 3636 ct
1211 3570 1321 3635 multis
1349 3569 1415 3635 iam
1445 3569 1519 3636 aliis
1549 3569 1733 3654 regionibus
1763 3577 1814 3634 661
1842 3576 1958 3635 notum

319 3674 456 3758 qualiter
484 3693 543 3758 pcr
572 3692 645 3738 cum
672 3671 821 3737 dominus
844 3671 957 3738 1666111
978 3672 1197 3739 adnectemus.
1246 3673 1439 3757 Peregrinus
1463 3673 1593 3755 quidam
1617 3672 1693 3738 dum
1715 3671 1847 3737 hiemali
1871 3679 1959 3738 tem-

319 3953 447 4000 erectione
466 3965 522 4000 curn
540 3952 596 4012 ipso
613 3963 692 4012 aquae
710 3949 819 3999 decursu
838 3948 1016 4022 descenderet,
1044 3952 1160 4000 navicula
1178 3953 1261 4013 coepit
1279 3953 1357 4011 mergi
1375 3953 1455 3999 tinctu
1473 3953 1674 4011 intumescente,
1700 3955 1813 3998 sanctum
1832 3951 1956 4000 1666661

318 4039 471 4088 sacerdotem
496 4051 529 4086 cx
553 4037 684 4085 nocturnis
708 4037 841 4097 fatigatum
866 4037 959 4098 11611116
984 4049 1056 4100 sopor
1078 4043 1245 4100 oppresserat.
1283 4037 1439 4086 decedentes
1458 4038 1518 4085 socii
1538 4038 1725 4086 suscitsrernnt
1743 4048 1801 4083 eurn
1819 4035 1953 4086 dicentes:

317 4124 384 4184 Quid
407 4128 447 4172 est
470 4123 536 4185 qnod
560 4124 631 4183 66161
658 4123 707 4170 16111
731 4123 851 4184 66111666.
889 4123 936 4172 1116
963 4123 1099 4172 clementer
1122 4123 1277 4195 6666661666
1301 4125 1337 4171 611
1361 4125 1413 4172 eis:
1438 4123 1545 4172 Vosmet
1569 4125 1620 4186 ipsi
1637 4122 1682 4172 hoc
1700 4124 1781 4171 iacere
1799 4123 1955 4187 potueratis,

317 4211 421 4272 iratres,
447 4217 472 4257 et
497 4215 598 4270 recepta
621 4209 731 4270 ampulla
753 4209 797 4256 nbi
821 4215 921 4258 6666166
947 4211 1031 4272 liquor
1049 4217 1114 4271 arat,
1141 4211 1255 4259 1661116
1274 4211 1366 4258 166166
1385 4211 1467 4258 616661
1486 4223 1542 4258 6661
1561 4210 1671 4257 66611666
1690 4213 1791 4256 616166
1809 4207 1878 4256 6666
1897 4221 1955 4258 ces·

318 4297 384 4344 66111
402 4296 448 4344 sub
466 4300 592 4345 momento
611 4294 795 4356 tranquillitate
813 4295 923 4344 reducta.

405 4380 503 4431 11-21
524 4379 693 4442 Mupnobodus
710 4395 732 4430 6.
754 4383 803 4428 211
826 4383 940 4432 Absentc
964 4382 1028 4432 16116
1046 4389 1132 4431 666616
1150 4382 1267 4433 116661116
1285 4385 1403 4445 66611166
1422 4382 1528 4445 6661616
1548 4382 1590 4430 616
1608 4394 1676 4429 6666
1694 4380 1725 4428 66
1743 4391 1847 4428 6661616
1866 4379 1954 4427 16616-

316 4470 396 4517 lorum
414 4469 534 4518 ecclesiae
553 4468 726 4516 vehementem
745 4468 841 4516 febrem
859 4469 974 4518 incurrit.
1013 4469 1134 4518 Defertur
1151 4470 1178 4517 in
1196 4469 1318 4518 ecclesiae
1337 4472 1479 4531 sacrarium,
1503 4469 1547 4517 ubi
1566 4467 1675 4530 66661116
1692 4471 1719 4514 61
1736 4465 1865 4524 singultus
1883 4467 1955 4514 mlx·

316 4561 405 4618 tesqua
428 4555 543 4603 lacrimas
567 4567 645 4618 66666
668 4569 726 4603 6616
751 4554 910 4603 deducebant
929 4555 996 4604 ocull
1014 4557 1146 4604 sociorum.
1183 4556 1236 4604 Iam
1255 4556 1357 4618 quidem
1375 4555 1571 4605 catechumenus
1590 4558 1652 4601 6661.
1691 4551 1779 4600 Subito
1796 4550 1840 4599 661
1858 4552 1955 4599 16166-

316 4647 368 4689 1616
386 4638 525 4688 661661666
543 4641 632 4688 1166166
643 4639 777 4689 Mauritius
795 4642 822 4689 in
841 4642 896 4703 ipso
913 4642 964 4690 iarn
981 4644 1034 4691 iarn
1051 4642 1132 4690 161611
1150 4643 1237 4691 exitus
1255 4643 1360 4691 61116616
1378 4642 1514 4704 praecepit,
1536 4645 1566 4689 ut
1584 4639 1762 4700 egrederentur
1773 4637 1860 4685 cuncti
1871 4637 1951 4686 ieras.

316 4729 374 4790 1666
392 4727 526 4787 6166616116
545 4741 602 4775 cum
621 4740 700 4790 puero
718 4729 848 4787 remansit,
868 4729 913 4790 qni
932 4730 976 4777 rix
994 4727 1097 4778 1666661
1115 4742 1232 4791 supremo
1251 4729 1345 4792 spiritu
1362 4729 1507 4790 palpitabat.
1547 4727 1630 4776 Vnius
1648 4725 1720 4773 horae
1738 4724 1848 4785 spatium
1866 4735 1954 4772 mora-

316 4819 356 4861 tus
375 4825 461 4863 servus
479 4813 531 4875 661,
549 4827 607 4863 ecce
625 4813 753 4874 6661111161
770 4827 827 4862 6661
845 4827 923 4877 66616
940 4816 1054 4875 16166666
1071 4816 1201 4878 sospitatis
1220 4813 1330 4864 16616616
1348 4826 1453 4863 munere
1470 4815 1612 4877 repentino.
1870 4877 1874 4886 ῃ

402 4897 734 4960 23-261166661661116.
756 4901 806 4950 95.-
832 4901 932 4950 ldiseris
955 4901 1065 4950 16666166
1089 4903 1238 4950 1616611166
1262 4901 1324 4950 6666
1348 4902 1457 4962 16616666
1480 4904 1583 4948 6666166
1606 4897 1649 4945 161
1672 4894 1956 4945 6661666661166611166

316 4987 389 5034 16116
408 4987 579 5034 tantummodo
597 4986 738 5035 medicante
756 4987 862 5034 curauit.
902 4986 965 5035 Nem
984 4988 1116 5058 alimoniae
1135 4989 1228 5050 stipem
1247 4993 1379 5050 poscentes
1397 4988 1456 5048 pius
1476 4989 1559 5048 pastor
1577 4984 1656 5032 1116116
1673 4984 1765 5030 6161616
1782 4995 1860 5043 quam
1878 4989 1957 5046 pate-

315 5079 372 5121 rent
389 5074 578 5122 commiseratus
597 5073 730 5122 clementia
748 5074 832 5122 subito
851 5075 915 5122 entis
934 5079 1046 5136 reparato
1065 5073 1151 5123 decore
1170 5075 1313 5135 insperatae
1331 5074 1435 5123 sanitati
1454 5073 1613 5121 restauravit.
1774 5127 1782 5134 .

402 5158 433 5207 it
453 5184 487 5194 —
503 5175 529 5219 6.
545 5159 587 5222 99,
610 5161 627 5216 1.
644 5158 675 5209 15
696 5157 865 5221 1166661οά111
884 5175 905 5208 6.
928 5161 979 5208 tt:
999 5159 1069 5218 Quod
1089 5162 1183 5208 facturn
1202 5165 1241 5209 est
1259 5161 1290 5208 ad
1309 5161 1428 5208 ecclesiae
1448 5159 1489 5207 161
1508 5157 1705 5207 66111661166616
1724 5153 1876 5202 miraculum
1897 5169 1956 5204 ma·

315 5245 462 5293 nlt'estatum
480 5251 520 5293 est
538 5247 656 5294 universo
675 5246 812 5294 vicinarum
831 5251 950 5294 terrarum
969 5248 1057 5307 spatio.
1090 5246 1155 5296 Cum
1173 5246 1267 5295 electus
1286 5245 1327 5293 dei
1346 5253 1447 5294 sanetus
1467 5244 1604 5292 1166111166
1621 5242 1711 5290 hiemis
1729 5245 1842 5303 16616616
1861 5240 1895 5288 111
1915 5244 1958 5290 11-

315 5345 372 5379 cum
392 5328 552 5395 Saponarlsm
571 5345 616 5393 pro
634 5333 781 5381 necessariis
799 5333 882 5393 gregis
901 5333 941 5380 sni
959 5333 1008 5382 iter
1026 5333 1090 5382 illud
1109 5347 1183 5382 suurn
1202 5333 1351 5382 incessabile
1369 5334 1476 5392 taceret,
1504 5333 1541 5380 ita
1559 5342 1625 5379 mors
1644 5327 1727 5377 subita
1745 5328 1902 5389 contigerat,
1927 5335 1959 5378 nt

403 5592 417 5639 5
436 5593 585 5640 constitutos
609 5591 647 5653 (11(
760 5589 789 5639 17
809 5587 912 5656 sponte]
930 5603 978 5638 om.
996 5589 1017 5636 P
