4336 6262
826 339 918 394 VI'I'A
937 339 1074 396 SANC'II
1093 338 1255 395 LEOBINI.
1819 351 1859 412 79

313 533 375 614 (57)
401 529 548 609 Quodam
577 531 687 614 itaque
718 536 862 615 tempore
892 550 963 597 cum
992 529 1218 596 6666666166
1241 530 1290 596 666
1313 530 1475 597 Leobinus
1498 552 1539 598 ex
1562 553 1649 600 more
1672 536 1857 621 pontificum
1881 533 1975 598 XVII

222 635 429 720 parroechias
459 654 536 701 suas
567 633 794 700 circumeundo
823 633 970 700 visitaret
991 640 1023 699 et
1044 634 1246 699 Avallocium
1271 635 1490 718 pervenisset,
1524 636 1655 719 quidam
1678 659 1794 706 caecus
1817 641 1858 706 ab

222 740 318 804 aunis
346 746 416 805 octo
446 738 601 804 caecitate
631 737 858 803 obtenebratus
890 744 925 802 ut
949 737 1098 820 cognovit
1119 737 1223 801 virum
1247 744 1393 804 sanctum
1416 739 1587 823 perillum
1610 742 1715 808 locum
1738 743 1859 810 habere
1930 797 1932 800 .

223 842 402 924 transitum,
422 841 586 907 humiliter
601 841 703 926 petiit,
724 847 760 905 ut
773 859 831 925 per
846 839 949 906 crucis
965 841 1167 924 signaculum
1184 859 1219 906 66
1235 839 1385 907 redderet
1399 841 1626 909 illuminatum.
1681 847 1741 927 (58)
1765 845 1859 924 Quod

190 946 272 1010 uvir
301 952 432 1012 sanctus
458 943 649 1027 aliquandiu
673 961 840 1024 recusans,
874 943 992 1009 fimens
1013 963 1055 1009 ne
1078 943 1227 1009 virtutem
1251 943 1413 1029 operando
1436 944 1560 1028 aliquid
1582 947 1786 1031 arrogantiae
1808 950 1860 1014 66-

222 1047 353 1115 deretur
382 1067 547 1114 assumere
577 1068 618 1113 cx
648 1046 825 1132 epIscopali
854 1046 1049 1128 ministerio,
1084 1046 1161 1112 dum
1192 1054 1284 1113 caute
1315 1047 1385 1114 vult
1407 1048 1562 1130 transire,
1595 1050 1726 1117 tandem
1749 1072 1769 1116 a
1792 1053 1860 1118 suis

222 1152 407 1236 compulsus
429 1158 489 1230 cst,
516 1158 551 1216 ut
573 1171 666 1236 opem
689 1149 837 1216 medelae
860 1149 1024 1216 aerumnIs
1047 1150 1136 1216 caeci
1158 1151 1334 1217 clementer
1355 1151 1567 1236 impenderet.
1620 1156 1681 1238 (59)
1706 1154 1768 1233 Qui
1792 1161 1860 1221 sta-

221 1254 278 1320 tim
301 1254 450 1340 precibus
472 1254 590 1320 devote
612 1254 766 1340 peractis,
801 1273 872 1318 cum
896 1253 1065 1338 signaculo
1088 1253 1191 1319 crucis
1215 1255 1380 1320 excutiens
1404 1255 1572 1321 caecitatis
1594 1257 1769 1342 caliginem
1792 1259 1859 1343 pri-

222 1358 305 1424 stino
328 1357 503 1424 extinctum
526 1357 689 1442 repararit
711 1356 833 1423 lumine
855 1356 990 1436 vultum,
1017 1376 1081 1441 quo
1103 1375 1219 1423 caecus
1242 1356 1349 1423 fuerat
1370 1364 1469 1424 antea
1491 1358 1665 1426 alienatus.

174 1475 202 1516 ιο
314 1463 374 1545 (66)
401 1461 569 1528 Adiciatur
598 1461 697 1528 etiam
727 1460 802 1526 huic
824 1460 958 1526 honesto
981 1460 1069 1545 operi
1091 1459 1175 1526 illud
1197 1460 1305 1527 nobile
1328 1461 1534 1544 miraculum,
1570 1483 1633 1546 quo
1655 1463 1705 1528 666
1727 1472 1857 1530 sanctus
1880 1459 1991 1526 XVIII

222 1564 355 1631 medens
384 1566 512 1632 sanavit
539 1563 762 1651 hydropicum.
809 1563 895 1630 Dum
925 1563 1176 1648 gloriosissImus
1199 1584 1256 1630 rex
1279 1563 1506 1632 cuildebertus
1527 1567 1658 1633 beatum
1681 1567 1858 1634 Leobiuum

222 1668 408 1753 episcopum
431 1669 578 1735 Rotoialo
608 1676 754 1753 speraret
781 1666 823 1733 ad
853 1686 889 1734 se
917 1674 1085 1733 venturum
1115 1674 1148 1735 ct
1176 1667 1210 1733 in
1232 1667 1305 1753 ipso
1326 1668 1441 1735 itinere
1463 1670 1632 1735 accederet
1653 1671 1853 1753 Avallovico,

223 1771 351 1837 oblatus
367 1771 561 1856 estquidam
575 1771 773 1857 hydropicus
787 1769 883 1835 nimis
899 1777 1011 1836 tensus
1027 1769 1215 1855 visceribus,
1243 1770 1374 1838 sanitati
1392 1772 1621 1839 restituendus.
1676 1775 1736 1856 (61)
1764 1773 1859 1852 Quod

222 1893 294 1940 cum
317 1875 463 1960 pontifex
485 1896 543 1960 pro
566 1873 819 1942 obtrectantibus
837 1880 1000 1940 recusaret
1014 1873 1163 1958 sospitati
1178 1875 1357 1956 restituere,
1386 1895 1515 1941 suornm
1530 1875 1681 1962 precibus
1696 1876 1855 1961 pulsatus,

176 1991 203 2030 1⁵
223 1977 316 2062 signo
347 1978 450 2045 crucis
481 1979 626 2064 opposito
656 1977 759 2044 omnis
788 1984 893 2043 tumor
922 1976 1069 2062 ydropici
1098 1977 1230 2061 fugatus
1260 1978 1397 2060 resedit,
1430 1979 1591 2045 viscerum
1621 1979 1710 2046 dolor
1732 1979 1859 2064 penitus

223 2083 359 2148 recessit
387 2089 419 2149 et
448 2083 530 2149 cutis
559 2090 683 2148 tumore
711 2080 856 2165 deposito
885 2079 918 2145 in
941 2080 1109 2165 planitiem
1132 2081 1265 2148 redacta
1286 2088 1350 2160 est,
1385 2089 1516 2166 aegroto
1539 2102 1560 2147 a
1582 2082 1693 2148 mortis
1715 2083 1859 2168 perIculo

223 2184 370 2252 liberato.

314 2289 375 2372 (62)
402 2289 565 2355 Inseratur
586 2288 620 2353 in
643 2287 773 2373 pagina,
803 2287 942 2371 qualiter
964 2306 1022 2372 per
1045 2294 1189 2353 sanctum
1213 2287 1317 2353 virum
1341 2295 1541 2354 evanuerunt
1564 2287 1724 2355 incendia.
1772 2289 1859 2367 Quo-
1883 2288 1962 2352 XIX

222 2392 296 2457 clam
327 2400 470 2478 tempore
500 2393 577 2457 dum
606 2391 722 2458 beatus
753 2391 915 2457 Leobinus
943 2410 1016 2456 cum
1045 2391 1200 2457 Medeveo
1229 2390 1457 2457 consacerdote
1487 2412 1507 2457 a
1539 2409 1637 2476 saepe
1666 2391 1752 2457 dicto
1782 2412 1859 2477 rege

171 2505 201 2546 ‘2⁰
221 2496 365 2564 Parisius
388 2497 504 2562 fulsset
526 2495 681 2562 inritatus
704 2501 738 2561 et
758 2495 830 2561 ‹Iles
852 2494 995 2579 paschae
1018 2493 1088 2560 vice
1111 2493 1270 2579 pontificis
1292 2494 1381 2559 illins
1397 2494 1459 2561 loci
1473 2494 1618 2561 defuncti
1634 2494 1860 2580 episcopaliter

220 2601 445 2684 transegisset,
479 2620 501 2665 a
530 2605 620 2685 parte
651 2597 809 2664 basiIIcae
837 2597 926 2664 beati
949 2596 1114 2662 Laurentii
1142 2604 1237 2664 noctu
1265 2596 1350 2663 edax
1373 2597 1459 2680 ignis
1482 2598 1619 2664 exIIIens
1643 2597 1755 2663 domos
1778 2619 1859 2682 pcn-

222 2702 317 2766 dulas
339 2723 422 2785 quae
444 2723 503 2788 per
524 2709 654 2788 pontem
679 2706 880 2768 constructae
904 2707 995 2765 erant
1017 2719 1150 2766 exurere
1173 2700 1281 2785 coepit
1302 2707 1335 2765 et
1356 2719 1420 2765 non
1442 2700 1546 2766 solum
1570 2721 1610 2766 ex
1633 2701 1738 2765 vicino
1760 2699 1859 2767 616666

222 2804 422 2870 incessanter
444 2825 529 2888 aqua
551 2803 725 2889 superfusa
746 2822 810 2868 non
833 2802 1016 2886 adquieuit,
1050 2802 1108 2868 sed
1131 2803 1228 2868 etiam
1252 2802 1374 2868 civitati
1396 2803 1561 2886 proximus
1583 2803 1708 2869 civibus
1731 2804 1860 2870 61666-

222 2924 317 2970 versa
347 2914 548 2973 consumeret
577 2927 730 2990 magnum
753 2906 899 2971 timorem
922 2904 1068 2970 incussit.
1121 2906 1182 2986 (63)
1210 2905 1251 2969 Vt
1275 2911 1382 2970 autem
1406 2924 1463 2970 rex
1486 2906 1526 2970 ob
1550 2905 1722 2971 clamorem
1745 2907 1858 2991 populi

172 3007 481 3092 Ι156666636666166,
508 3029 622 3094 sopore
645 3009 763 3094 quietIs
785 3009 932 3092 abrupto,
959 3027 1090 3074 causam
1113 3008 1269 3073 tumultus
1292 3016 1491 3090 agnosceret,
1520 3007 1690 3074 confestim
1713 3008 1859 3075 6611666-

222 3118 290 3176 tum
307 3110 482 3177 Leobiuum
506 3111 618 3196 diuigit
640 3113 786 3193 missum,
812 3118 848 3177 ut
870 3111 1037 3178 celerrime
1060 3110 1194 3176 veniens
1210 3110 1332 3176 civitati
1348 3118 1558 3176 succurreret.
1611 3113 1672 3195 (61)
1700 3111 1766 3177 Sed
1782 3111 1858 3177 dum

222 3214 331 3280 multIs
359 3214 578 3294 hortantibus,
613 3223 648 3282 ut
677 3222 752 3281 ante
775 3235 848 3280 eum
871 3215 932 3280 iret
956 3215 1077 3296 locum,
1112 3235 1173 3298 quo
1198 3234 1350 3299 magnum
1373 3213 1533 3297 flagrabat
1554 3213 1758 3298 incendium,
1792 3215 1854 3280 ait:

223 3317 290 3382 Viri
320 3318 452 3398 fratres,
485 3319 552 3384 illic
582 3318 812 3384 oecumendum
842 3324 893 3383 est
920 3318 1030 3400 nobis,
1065 3317 1151 3383 unce
1174 3325 1285 3382 contra
1306 3315 1456 3383 flammae
1478 3318 1611 3402 globum
1635 3316 1778 3384 diuinum
1800 3338 1859 3404 po-

221 3421 285 3487 tius
313 3441 410 3504 quam
437 3421 611 3486 humanum
640 3422 825 3507 imploretur
846 3423 1014 3488 auxilium.
1068 3424 1130 3506 (65)
1157 3422 1219 3500 Qui
1243 3442 1315 3488 cum
1338 3429 1488 3508 pergeret
1510 3423 1554 3487 ad
1577 3422 1749 3488 ecclesiam
1772 3429 1803 3488 et
1825 3423 1858 3487 in

172 3547 202 3584 :ro
221 3531 339 3590 terram
370 3530 545 3610 prostratus
577 3525 722 3591 divinum
751 3524 947 3610 efflagitaret
973 3525 1181 3610 suffragium,
1215 3525 1317 3592 fretus
1340 3526 1484 3592 oratione
1508 3545 1666 3591 unacum
1689 3545 1859 3592 consacer-

223 3625 297 3694 dote
329 3627 372 3694 ad
402 3629 509 3712 ignem
541 3630 727 3714 properavit
747 3629 898 3716 impiger.
947 3630 1085 3714 Moxque
1106 3629 1194 3714 ignis
1218 3648 1420 3714 compressus
1443 3629 1513 3695 eius
1535 3629 1678 3695 oratione
1699 3629 1735 3694 in
1757 3637 1860 3696 semet

221 3731 292 3815 ipso
321 3731 429 3796 deficit
458 3737 492 3798 et
518 3732 604 3798 66666
635 3752 716 3817 quas
741 3733 945 3801 incendendo
968 3731 1119 3799 aedificia
1141 3738 1362 3817 assumpserat
1384 3732 1585 3799 obliviscitur
1606 3732 1706 3800 etita
1728 3732 1858 3798 flamma

221 3833 293 3899 eius
315 3833 498 3900 interventu
520 3835 727 3916 consumitur,
754 3843 789 3901 61
811 3837 844 3900 66
868 3844 970 3903 semet
993 3837 1066 3921 ipsa
1088 3842 1214 3901 mortua
1236 3835 1365 3920 penitus
1387 3835 1618 3920 consopiretur.

314 3939 376 4020 (66)
409 3938 479 4004 1166
507 3939 588 4005 illud
617 3939 745 4005 silentio
775 3940 1044 4024 praetereundum
1074 3947 1124 4006 est
1152 3939 1358 4020 miraculum,
1397 3937 1482 4022 quod
1510 3937 1661 4004 nobiliter
1688 3939 1858 4004 virtutibus
1881 3939 1945 4004 XX

172 4064 201 4102 :rs
221 4039 313 4106 floret
343 4041 521 4125 egregium.
568 4041 736 4121 Quaedam
766 4042 827 4109 deo
857 4043 975 4110 devota
1004 4064 1045 4109 ex
1068 4042 1263 4109 monasterio
1285 4042 1465 4126 puellarum
1489 4062 1562 4107 cum
1585 4041 1725 4108 tunicum
1749 4041 1858 4106 domni

222 4143 355 4210 Leobini
384 4163 483 4210 causa
512 4145 689 4211 consuendi
718 4146 901 4231 accepisset
930 4153 963 4213 61
985 4145 1026 4212 de
1048 4166 1131 4212 novo
1154 4145 1209 4211 filo
1233 4145 1411 4211 resarciens
1434 4145 1619 4226 refecIsset,
1653 4151 1746 4211 66166
1769 4143 1858 4209 filum

222 4265 263 4312 ex
293 4267 333 4312 ca
361 4248 523 4332 accipiens
550 4248 593 4314 ad
624 4269 716 4314 suam
740 4270 850 4315 zonam
875 4269 916 4315 ex
938 4248 1002 4315 fide
1026 4248 1185 4333 alligavit.
1233 4249 1330 4315 Soror
1352 4268 1429 4313 vero
1452 4248 1522 4314 6666
1546 4248 1739 4330 saecularis,
1774 4268 1858 4330 quae

222 4368 342 4433 pavore
366 4369 521 4416 concussa
543 4351 586 4416 ad
609 4372 681 4417 eam
705 4352 904 4434 confugerat,
932 4351 1075 4417 diluculo
1097 4371 1296 4436 consurgens
1319 4352 1418 4416 cinxit
1441 4371 1554 4417 zonam
1579 4352 1706 4433 sororis,
1733 4353 1784 4417 cui
1806 4351 1858 4416 in·

222 4461 291 4518 erat
317 4451 406 4518 filum
428 4452 587 4538 pontificis
610 4454 791 4538 alligatum.
844 4459 903 4539 (67)
932 4457 1014 4521 Tum
1038 4454 1193 4538 daemon,
1220 4475 1241 4520 6
1271 4474 1334 4538 666
1356 4462 1452 4521 66166
1474 4463 1603 4540 arrepta
1625 4455 1745 4537 fuerat,
1783 4474 1858 4521 sen-

173 4577 201 4615 16
222 4555 306 4620 16666
329 4555 416 4622 66666
437 4557 580 4641 puellam
603 4557 727 4641 aliquid
749 4578 902 4642 magnum
925 4557 980 4624 diu
1005 4558 1089 4624 ferre
1112 4579 1175 4623 non
1198 4577 1304 4644 posse,
1332 4557 1438 4623 acrius
1461 4577 1534 4623 eam
1558 4577 1677 4623 666666
1699 4557 1857 4642 incipiens

223 4658 375 4723 clamavit
403 4678 463 4743 per
491 4679 527 4724 os
558 4660 688 4743 puellae
717 4661 859 4728 tunicam
890 4661 998 4727 domni
1021 4661 1155 4727 LeobIni
1185 4662 1275 4727 velut
1295 4661 1405 4745 ignem
1428 4659 1512 4726 ferre
1535 4679 1599 4726 uon
1622 4679 1728 4745 posse.
1776 4660 1857 4725 Cum

222 4761 284 4827 hac
310 4761 420 4843 itaque
450 4761 680 4828 vociferatione
703 4763 841 4830 daemon
864 4764 1051 4848 egrediens,
1085 4765 1195 4850 puella
1217 4764 1326 4830 tristes
1349 4763 1487 4830 foetores
1510 4764 1581 4830 eius
1604 4781 1675 4829 cum
1700 4763 1856 4846 sanguine

222 4865 342 4950 pariter·
360 4863 517 4931 'evomuit
571 4869 630 4948 (68)
659 4867 727 4932 Hoc
750 4867 870 4952 quippe
892 4868 1081 4934 miraculum
1104 4888 1167 4932 non
1190 4867 1247 4932 illo
1271 4866 1399 4933 videtur
1420 4868 1556 4934 inferius
1572 4867 1658 4950 quod
1673 4867 1705 4930 in
1721 4865 1856 4932 muliere

309 5057 341 5106 16
361 5057 451 5106 666,
473 5058 498 5118 a,
519 5058 562 5108 ro.

311 5384 392 5435 I-I'l
413 5399 434 5434 c.
454 5385 537 5433 XVII.
559 5385 657 5433 XVIII.
677 5399 725 5434 om.
742 5384 763 5443 0
879 5385 909 5436 11
928 5382 1078 5453 6661166166]
1096 5385 1279 5448 6616666661,
1299 5387 1448 5447 Gtoprerplrie
1464 5401 1491 5447 p.
1506 5387 1557 5435 3:³5
1676 5383 1706 5432 19
1725 5380 1858 5451 mcdeueo]

222 5471 256 5532 es.
272 5485 340 5520 6666.
357 5473 441 5522 Aurei.
460 5471 486 5532 V,
512 5473 585 5520 Coae.
603 5473 670 5521 Gall.
684 5473 741 5521 coll.
754 5472 793 5522 ed.
809 5471 891 5523 Maur.
914 5474 936 5534 1,
954 5488 980 5534 p.
997 5476 1066 5523 1613
1171 5471 1335 5530 6666616160
1440 5469 1632 5534 13666660
1736 5469 1769 5519 26
1788 5484 1857 5531 gres-

222 5556 320 5616 ⁵qu
443 5555 476 5606 28
496 5559 567 5607 nobis
586 5557 668 5616 6610
790 5557 823 5608 30
842 5555 1004 5626 suflraglum]
1021 5558 1186 5617 auxillqu
1301 5554 1552 5624 166166]6666166.0
1667 5556 1855 5618 6666666160)

222 5644 251 5693 31
274 5658 331 5692 mox
351 5645 417 5705 ignls
435 5646 490 5692 elus
508 5646 619 5696 orations
637 5660 795 5710 compressus
815 5645 835 5705 0
940 5645 973 5695 31
991 5673 1026 5682 -
1041 5660 1068 5707 p.
1089 5645 1131 5707 66,
1152 5645 1169 5694 l.
1191 5644 1223 5695 33
1242 5661 1262 5693 c.
1285 5645 1470 5693 xx-xxnr.
1491 5659 1539 5693 om.
1559 5645 1580 5704 0
