4336 6262
333 299 374 363 82
528 293 530 296 ¹
634 292 828 352 OPVSCVLA
847 293 1041 350 VENANTIO
1059 291 1287 350 FORTVNATO
1306 293 1410 348 MALE
1428 292 1656 350 ATTRIBVTA

332 507 452 572 pauca,
491 485 671 551 summissis
699 483 848 568 precibus
877 483 959 550 tanti
987 483 1114 568 patroni
1144 483 1353 569 imploremus
1383 484 1605 565 sanctitatem,
1638 489 1673 549 ut
1701 485 1756 566 qui
1785 503 1861 550 eum
1894 483 1985 548 fecit

332 608 498 655 eoruscare
529 586 692 652 miraculis
721 607 779 654 uos
809 585 907 652 faciat
936 587 1116 653 exuberare
1138 587 1289 672 operibus
1311 586 1404 652 bonis
1428 586 1645 669 concedatque
1667 586 1759 654 nobis
1782 586 1982 672 praesentis

331 694 417 758 vitae
447 711 574 758 cursum
605 691 675 757 sine
705 690 829 756 offensa
857 697 1073 756 transcurrere
1097 689 1343 775 continuamque
1365 690 1455 776 pacis
1478 689 1742 772 tranquillitatem
1765 689 1919 756 obtinere
1945 697 1983 755 et

331 796 364 860 in
386 796 493 861 futuro
516 795 647 861 saeculo
670 793 713 858 ad
736 794 806 859 eius
828 792 1022 859 consortium
1045 792 1185 859 feliciter
1206 793 1392 878 pervenire,
1419 793 1473 878 qui
1496 793 1529 859 in
1552 792 1696 860 trinitate
1719 793 1865 878 perfecta
1890 793 1983 859 vivit

331 906 363 965 et
385 899 542 982 gloriatur
564 898 643 964 deus
667 917 726 982 per
749 902 863 962 cuneta
886 896 1019 962 saecula
1041 897 1255 962 saeculorum.
1303 898 1418 963 Amen.
2006 917 2023 956 a

855 1611 1137 1710 PROLOGVS
1171 1611 1437 1710 cancelii.

420 1848 459 1928 (1)
486 1845 714 1910 Sarc'rrssrno
753 1861 905 1909 snue'rnu
942 1844 1157 1908 Pnursrouvm
1194 1861 1320 1908 narsus
1358 1861 1545 1909 neonusrns
1583 1863 1785 1910 rnnusvuvn
1824 1863 1979 1911 nonrso

328 1950 502 2015 Gusnano
526 1947 728 2014 Gnuconrvs
750 1948 954 2012 Tvnorucnn
986 1963 1203 2011 nurnerours
1232 1965 1376 2012 svnrnrs
1405 1964 1585 2013 nrrscorvs
1616 1965 1783 2013 snuvrnn.
1832 1949 1978 2016 Potistis

328 2073 417 2136 sane,
443 2051 489 2118 uti
512 2052 596 2116 vitas
620 2058 652 2117 et
673 2051 829 2116 miracula
850 2070 934 2134 quae
958 2049 1106 2115 dominus
1129 2069 1188 2134 per
1210 2050 1339 2116 beatum
1362 2050 1546 2116 Maurilium
1569 2056 1667 2133 atque
1681 2051 1834 2116 Albinum
1850 2053 1977 2118 Ande-

327 2176 476 2222 cavorum
506 2155 666 2221 antistites
696 2154 820 2240 operari
850 2154 1092 2237 dignatusest,
1127 2171 1208 2235 quas
1229 2153 1424 2220 Fortunatus
1446 2154 1606 2239 presbiter
1627 2154 1790 2219 luculento
1814 2175 1976 2222 sermone
2002 2175 2035 2216 ro

327 2258 557 2344 descripserat,
592 2256 780 2341 scriptorum
811 2257 898 2322 vitiis
920 2257 985 2322 iarn
1007 2276 1112 2341 paene
1135 2255 1330 2342 depravatas
1351 2264 1480 2323 nostrae
1503 2257 1702 2324 auctoritatis
1724 2257 1839 2343 peritia
1864 2259 1977 2324 corri-

326 2381 474 2446 geremus
507 2367 698 2442 vestraeque
732 2358 910 2441 devotioni,
948 2359 1004 2442 qui
1033 2359 1174 2444 priorum
1206 2358 1364 2445 exemplis
1392 2359 1545 2445 prolicere
1575 2359 1704 2445 cupitis,
1742 2360 1970 2429 misissemus.

331 2467 370 2548 [2]
399 2463 465 2530 Sed
488 2483 547 2529 nos
569 2463 762 2544 recolentes,
790 2463 818 2528 si
840 2462 873 2528 id
896 2463 1066 2546 egerimus,
1094 2461 1286 2547 perfidorum
1310 2481 1369 2528 nos
1393 2463 1562 2530 latratibus
1586 2471 1681 2548 atque
1704 2463 1880 2546 morsibus,
1908 2467 1974 2548 qui

325 2567 500 2634 doctrinam
522 2586 678 2651 quaerere
701 2565 850 2632 nesciunt
872 2565 930 2632 sed
954 2565 1108 2646 invidere,
1136 2565 1298 2648 dilaniari,
1326 2565 1463 2651 duplicis
1486 2565 1587 2632 taedii
1609 2587 1732 2633 merore
1748 2568 1969 2648 concutimur,

325 2671 402 2736 dum
426 2677 458 2736 et
479 2669 596 2736 restris
618 2689 681 2734 non
704 2689 818 2754 parere
839 2669 1037 2735 iussionibus
1060 2668 1205 2754 ipsisque
1228 2668 1401 2753 displicere
1424 2670 1607 2735 metuimus.
1649 2670 1716 2735 Fisi
1731 2676 1841 2735 tamen
1858 2672 1974 2736 omni·
1997 2693 2030 2732 rs

323 2773 464 2859 potentis
487 2772 770 2857 promissionibus,
805 2773 860 2856 qui
882 2793 941 2858 per
961 2771 1151 2858 prophetam
1175 2793 1267 2838 suurn
1291 2773 1425 2858 loquens
1447 2773 1602 2854 innotuit,
1636 2772 1713 2854 quia
1734 2777 1789 2857 qni
1809 2777 1973 2839 seminant

325 2881 356 2940 ln
380 2881 517 2941 lacrimis
539 2885 649 2940 metent
671 2879 704 2939 ia
725 2878 859 2960 pouclir's,
886 2881 1016 2943 vestrae
1039 2875 1237 2942 satisfaciam
1260 2877 1429 2944 voluntati.
1482 2878 1521 2960 (3)
1550 2876 1677 2942 Scimus
1699 2896 1855 2959 namque,
1887 2877 1972 2960 quia

324 2981 352 3046 si
383 3001 465 3064 quae
496 2979 596 3064 digna
619 2985 695 3045 sunt
716 2978 835 3044 imitari
859 2987 892 3046 et
913 2980 1006 3046 alteri
1029 2986 1164 3065 possunt
1187 2981 1318 3046 saeculo
1341 2979 1508 3065 prodesse,
1543 2978 1815 3045 sanctissimorum
1838 2978 1970 3046 Christi

323 3083 541 3150 confessorum
568 3082 652 3149 vitas
676 3089 773 3165 atque
796 3083 929 3150 virtutes
953 3083 1027 3149 stilo
1050 3083 1123 3167 quis
1146 3083 1320 3168 digesserit
1341 3084 1578 3168 correxeritque
1600 3083 1652 3149 vel
1675 3082 1807 3164 rustico,
1842 3090 1877 3149 et
1899 3084 1969 3150 sibi

323 3187 503 3253 mercedem
526 3193 560 3253 et
580 3186 700 3252 imitari
722 3186 904 3252 volentibus
927 3187 1070 3253 conferet
1091 3186 1239 3270 adusque
1262 3188 1410 3253 salutem.
1464 3188 1504 3270 (4)
1532 3186 1751 3252 Permaximas
1768 3185 1870 3270 igitur
1885 3208 1968 3272 pre·
1991 3206 2025 3248 ro

322 3290 565 3356 tiosissimorum
596 3277 715 3356 Christi
745 3289 962 3356 confessorum
986 3291 1126 3356 Maurilii
1154 3297 1251 3374 atque
1274 3291 1382 3356 Albini
1414 3290 1549 3356 virtutes
1572 3310 1635 3376 non
1658 3289 1745 3373 loqui
1768 3289 1837 3354 sive
1863 3292 1969 3357 corri-

323 3413 401 3478 gere
423 3395 500 3478 quia
521 3393 677 3460 memoria
699 3392 819 3477 dignae
842 3399 917 3488 sunt
939 3394 1058 3460 crimen
1081 3394 1247 3476 ducentes,
1274 3393 1402 3480 plebeio
1421 3400 1455 3459 ut
1470 3393 1657 3478 postulastis
1673 3399 1801 3459 utentes
1818 3395 1964 3476 calamo,

322 3519 384 3582 quo
407 3497 513 3581 potius
535 3495 726 3581 vulgaribus
749 3495 885 3579 prosint,
912 3496 952 3562 de
975 3497 1124 3582 plurimis
1147 3517 1254 3583 pauca
1276 3496 1334 3562 sed
1355 3503 1463 3563 tamen
1487 3496 1547 3563 deo
1569 3503 1652 3563 teste
1675 3495 1845 3563 verissima
1862 3499 1967 3564 corri-

322 3621 436 3685 gemus
469 3601 653 3667 omittentes
684 3597 824 3683 plurima
856 3619 877 3664 a
906 3600 1082 3665 Fortunato
1116 3599 1204 3667 edita
1238 3620 1322 3683 quae
1355 3599 1504 3666 fortassis
1537 3599 1723 3667 infidelibus
1755 3599 1967 3666 incredibilia

322 3703 519 3771 viderentur.
572 3705 609 3786 (5)
638 3703 730 3781 Quae
753 3722 829 3769 vero
851 3723 872 3768 a
894 3702 987 3768 nobis
1009 3709 1153 3769 correcta
1176 3710 1250 3769 sunt
1273 3710 1399 3769 vestrae
1422 3703 1648 3770 sanctitudinis
1662 3702 1809 3789 petitioni
1826 3702 1965 3786 dignius
1986 3721 2020 3764 ιι

323 3808 487 3875 offerenda
509 3806 704 3893 putavimus,
731 3813 765 3871 ut
787 3805 842 3889 qui
865 3806 938 3871 illos
961 3805 1080 3872 imitari
1096 3806 1247 3889 gaudetis
1263 3807 1389 3873 illorum
1405 3806 1580 3891 proficiatis
1596 3806 1765 3872 virtutibus
1779 3803 1960 3872 informati.

1021 4063 1260 4148 cirillus.

408 4255 434 4319 l.
461 4252 553 4320 Vnde
576 4254 744 4320 Maurilius
767 4259 854 4319 ortus
876 4252 974 4320 fuerit
997 4261 1029 4321 et
1049 4253 1189 4338 qualiter
1211 4275 1231 4318 a
1253 4253 1389 4319 Martiuo
1413 4253 1557 4320 eruditus
1580 4260 1613 4319 et
1635 4273 1655 4318 a
1676 4223 1772 4318 beato
1787 4251 1965 4319 Ambrosio

321 4378 423 4443 usque
453 4357 495 4424 ad
525 4359 675 4424 lectorem
707 4356 888 4439 ordinatus,
924 4356 1125 4442 postmodum
1148 4357 1319 4424 Martinam
1349 4364 1479 4423 secutus
1511 4363 1633 4423 ceteros
1661 4354 1782 4440 gradus
1812 4355 1855 4420 ab
1885 4356 1964 4442 ipso

321 4484 340 4527 fl
362 4482 378 4527 0
442 4482 468 4526 l'l
487 4513 493 4525 .
1986 4481 2020 4521 {lb

343 4482 451 4630 celii.
470 4468 625 4643 tQualiter
647 4583 668 4629 a
690 4563 827 4630 Martino
849 4563 914 4629 iam
937 4563 1096 4649 presbiter
1118 4564 1282 4630 seiunctus
1306 4562 1483 4630 Calonnam
1506 4562 1618 4628 villam
1641 4560 1827 4647 expetierit,
1864 4562 1966 4632 inde-

410 4739 440 4789 16
458 4739 500 4788 Ps.
523 4737 581 4799 125,
603 4738 628 4787 5.

409 4998 440 5047 16
459 4998 524 5048 Prot.
547 4996 697 5059 Mupaotodi
719 4997 782 5055 (ΛΑ.
804 4995 849 5046 Sd.
871 4999 912 5046 13.
929 4999 996 5058 Sept.
1018 4997 1062 5058 IV,
1081 5012 1108 5059 p.
1125 4999 1182 5060 iili:
1205 4999 1297 5048 Serunt
1315 5008 1373 5056 ergo
1390 4998 1418 5044 iu
1436 4995 1555 5056 lacrimis,
1576 4999 1676 5044 metunt
1693 4995 1720 5042 ln
1739 4994 1847 5055 gaudiis.

408 5252 594 5321 ipraesentis]
612 5257 699 5316 omo
820 5252 978 5323 iperieota]
996 5270 1044 5305 om.
1060 5257 1084 5305 P
1205 5251 1325 5322 damen]
1342 5255 1410 5318 cxpl.
1431 5255 1485 5302 ulta
1503 5253 1572 5302 beati
1589 5253 1682 5302 leobini
1702 5252 1767 5301 conl.
1789 5252 1848 5304 odd.
1864 5253 1896 5316 P,
1919 5256 1966 5306 abi

319 5348 370 5393 ritu
388 5345 452 5394 Fece
469 5348 541 5392 mart.
563 5345 674 5405 sequitur

405 5430 535 5492 tiluolpit
558 5428 676 5492 prologus
699 5429 767 5477 berti
791 5429 900 5492 gregorii
924 5435 1070 5478 turonorum
1091 5429 1271 5492 archiepiscopi
1295 5431 1324 5478 iu
1343 5430 1396 5478 ulta
1414 5429 1483 5477 beati
1502 5427 1615 5476 maurilii
1634 5425 1743 5489 episcopi
1761 5430 1789 5473 et
1807 5427 1966 5477 confessoris

322 5516 366 5564 GP
470 5515 503 5566 26
521 5510 662 5581 informati]
681 5516 786 5577 explicit
804 5516 919 5577 prologus
936 5515 994 5566 odd.
1014 5516 1059 5564 GP

406 5601 436 5650 27
456 5603 587 5664 Incipiunt
605 5603 715 5665 capitula
733 5602 764 5651 de
783 5604 836 5651 ulta
855 5609 882 5652 et
901 5603 1042 5652 uirtutibus
1061 5604 1127 5652 beati
1146 5602 1257 5652 Maurilli
1276 5603 1386 5666 episcopi
1407 5601 1452 5650 GP
