4506 6248
367 283 431 346 226
981 278 1151 336 VENANTI
1169 278 1389 336 FORTVNATI

370 468 593 534 ventositatem
625 487 703 534 suae
732 467 901 553 superbiae
931 468 1140 551 extinguatur
1169 473 1201 532 et
1230 466 1386 532 subducto
1416 465 1588 550 splendore
1617 472 1749 532 maneat
1775 464 1810 530 iu
1833 465 1999 532 caecitatis

372 569 529 653 caligine,
556 570 650 652 dum,
677 571 705 635 si
728 570 808 652 quid
828 570 1055 644 bonumvelle
1077 569 1194 650 habet,
1220 568 1270 633 sui
1293 587 1364 634 esse
1387 574 1478 653 putet
1499 567 1622 634 arbitrii
1645 575 1677 634 et
1698 589 1762 634 non
1784 566 1904 634 exinde
1926 588 2002 652 gra-

343 672 434 740 'tias
457 673 576 740 referat
598 673 770 756 conlatori,
802 693 843 739 ne
866 673 979 738 audiat
1001 671 1086 756 quod
1109 671 1240 736 dicitur:
1273 675 1326 754 qut
1347 680 1447 734 cutem
1469 692 1530 734 acu
1552 671 1654 750 tebet,
1685 680 1714 734 et
1734 673 1813 754 quod
1834 673 1921 735 tabet
1943 693 2003 734 ou-

369 777 490 857 feretur
505 777 543 838 ub
559 781 614 838 eo?
636 775 780 841 horest:
808 795 867 861 per
888 775 1024 859 gratiam
1049 774 1264 859 praevenitur,
1291 773 1355 839 nisi
1377 772 1439 839 deo
1461 773 1544 838 illud
1566 773 1784 858 adscripserit,
1810 793 1867 858 per
1890 793 2003 859 super-

371 877 457 943 biam
488 878 547 942 hoc
577 878 717 957 omittet3
756 878 905 960 quoniam
938 877 1030 942 iuxta
1064 876 1253 960 scripturam
1286 875 1358 960 ipsa
1390 876 1541 940 voluutas
1570 896 1590 941 a
1618 875 1747 942 domino
1777 885 2036 962 praeparatum
2128 933 2130 936 ,

377 981 437 1061 (38)
464 980 644 1045 Audiamus
666 980 700 1044 in
721 980 783 1044 hac
805 987 895 1064 parte
919 979 1078 1044 doctorem
1101 978 1157 1043 ubi
1179 977 1278 1043 dixit:
1306 981 1360 1060 qui
1381 979 1513 1060 loquitur
1528 979 1718 1042 4441441444
1734 982 1770 1041 14
1785 1000 1839 1042 ruo
1855 982 1999 1064 loquitur.

372 1102 471 1166 quare
498 1103 562 1148 uou
591 1081 718 1150 addidit
744 1090 792 1149 et:
830 1085 883 1166 qui
910 1085 1043 1165 loquitur
1071 1085 1231 1145 ueritatem
1260 1082 1296 1143 de
1325 1101 1379 1144 suo
1410 1082 1559 1163 loquitur,
1595 1079 1658 1158 nisi
1687 1087 1722 1146 41
1750 1081 1811 1147 hoc
1841 1083 1999 1167 exemplo,

373 1184 502 1268 quaudo
518 1185 686 1251 veritatem
703 1185 821 1267 aliquis
836 1185 986 1269 loquitur,
1015 1183 1055 1250 de
1078 1181 1132 1249 dci
1156 1183 1270 1265 gratia,
1301 1182 1427 1248 nonde
1450 1202 1508 1248 suo
1531 1182 1685 1249 babuisse
1705 1184 1766 1249 hoc
1787 1185 1905 1250 bonum
1929 1204 2004 1268 spe-

374 1288 499 1354 cialiter
521 1293 734 1371 agnoscatur?
771 1288 921 1371 quoniam
951 1286 992 1352 de
1021 1291 1129 1352 nostro
1159 1286 1261 1352 solum
1291 1284 1448 1350 habemus
1477 1285 1692 1351 mendacium.
1738 1307 1813 1351 narn
1837 1306 1909 1352 cum
1930 1287 2005 1372 ipsa

375 1390 494 1456 veritas
517 1390 598 1456 deus
621 1391 663 1454 sit
685 1390 739 1473 qui
761 1390 901 1474 loquitur
924 1388 1060 1470 dedeo,
1086 1387 1172 1456 unde
1194 1388 1228 1454 in
1249 1388 1378 1476 homine
1400 1386 1556 1453 mendace
1580 1405 1679 1454 causa
1700 1389 1846 1455 veritatis
1865 1389 1915 1470 sit,
1942 1389 2006 1455 nisi
2026 1407 2056 1448 ro

373 1493 445 1578 ipsa
472 1492 591 1558 veritas
622 1512 657 1558 se
680 1491 855 1574 ministret,
888 1491 1040 1573 144441,
1073 1490 1137 1556 nisi
1165 1491 1199 1555 in
1228 1490 1389 1556 hominem
1419 1489 1523 1574 ipsam
1551 1490 1669 1556 bonam
1697 1493 1894 1558 voluntatem
1925 1492 2004 1559 deus

374 1594 520 1660 veritatis
550 1595 685 1678 inspiret
711 1594 767 1676 qui
795 1601 828 1660 et
855 1595 941 1661 velle
969 1592 1089 1690 tribuit
1111 1600 1144 1659 et
1173 1611 1268 1678 posse
1291 1591 1476 1677 conplevit‘t
1568 1593 1628 1676 (39)
1656 1593 1723 1660 Sed
1745 1595 1773 1660 si
1795 1595 1868 1678 quis
1890 1595 2007 1662 obiciat

376 1696 462 1780 quod
491 1698 655 1782 apostolus
685 1697 747 1764 ait:
779 1699 856 1760 velte
885 1699 1006 1760 adiacet
1026 1699 1116 1776 mitt,
1151 1715 1223 1761 cum
1251 1695 1322 1780 ipsc
1352 1695 1444 1761 dicit:
1477 1698 1553 1760 deur
1576 1699 1682 1780 44114
1704 1698 1788 1760 uobis
1811 1708 1957 1780 operatur
1979 1708 2007 1762 et

318 1851 321 1858 .
375 1803 450 1864 cette
473 1809 500 1864 et
522 1804 649 1883 operari
666 1821 724 1882 pro
748 1801 825 1862 bouc
847 1802 1019 1864 voluntate:
1051 1818 1128 1881 ergo
1158 1797 1186 1862 si
1215 1798 1286 1880 quis
1316 1797 1402 1863 dicat
1429 1797 1507 1879 quia
1534 1796 1639 1883 ipsam
1668 1799 1785 1864 bonam
1807 1799 2005 1866 voluntatem

376 1902 457 1968 deus
478 1922 542 1967 non
563 1901 715 1987 inspirat:
750 1907 903 1984 quantum
932 1901 977 1966 ad
1004 1901 1088 1966 hanc
1113 1899 1386 1985 intellegentiam,
1419 1900 1534 1966 beatus
1557 1901 1722 1986 apostolus
1745 1900 1908 1986 discrepat
1931 1921 2005 1967 sen·
2027 1920 2057 1960 ra

375 2003 484 2072 tiendo
507 2004 653 2084 diversa:
691 2003 749 2070 sed
770 2003 856 2069 absit
878 2010 914 2069 ut
935 2004 991 2070 ille
1014 2004 1062 2070 vir
1083 2003 1254 2089 pacificus,
1288 2003 1344 2085 qui
1373 2022 1435 2068 uno
1458 2003 1634 2086 eodemque
1657 2004 1781 2070 locatus
1804 2012 1855 2071 est
1876 2005 2001 2089 spiritu,

376 2107 410 2173 in
432 2107 484 2172 his
506 2106 602 2173 dictis
625 2106 783 2174 ecclesiae
805 2113 995 2190 generasset
1017 2105 1217 2174 scandalum.
1313 2106 1374 2190 (41)
1401 2105 1494 2172 Vnde
1524 2105 1635 2173 doctor
1665 2107 1807 2190 gentium
1837 2108 1922 2173 vello
1946 2108 2007 2174 sibi

378 2209 529 2276 adiacere
545 2209 693 2275 dicebat?
715 2209 866 2291 quoniam
888 2228 953 2275 non
975 2210 1078 2274 solum
1100 2209 1285 2294 inspiratus,
1312 2207 1491 2274 sedetiam
1514 2229 1573 2274 ras
1595 2209 1762 2276 electionis
1785 2209 1930 2294 fulgebat
1952 2211 2009 2293 qui

378 2312 486 2378 docuit
508 2311 636 2378 diceus:
670 2314 744 2376 deus
767 2321 811 2375 est
833 2315 887 2395 qui
909 2316 940 2374 s'u
962 2313 1045 2376 vobis
1069 2321 1215 2394 operatur
1236 2321 1265 2374 et
1286 2313 1371 2392 velle,
1398 2310 1533 2376 deiude:
1563 2313 1636 2395 quid
1657 2313 1749 2377 babes
1771 2315 1850 2394 quod
1872 2333 1932 2376 uou
1955 2335 2009 2378 cc-

379 2419 507 2499 cepr'sti?
543 2435 581 2481 oo
605 2414 633 2479 si
656 2413 793 2480 diceret:
824 2413 901 2498 quid
923 2413 999 2480 boni
1021 2421 1070 2480 est
1092 2414 1126 2479 in
1148 2420 1197 2496 te,
1223 2413 1287 2479 nisi
1309 2413 1364 2479 det
1385 2413 1442 2480 ille
1465 2413 1520 2496 qui
1542 2413 1694 2480 fecittot
1785 2415 1844 2499 (41)
1872 2415 1957 2481 Nam
1981 2416 2009 2482 41
2027 2431 2059 2474 ²⁰

379 2518 495 2583 bonam
519 2517 716 2583 voluntatem
739 2515 819 2582 deus
842 2536 905 2582 nou
928 2516 1065 2599 confert,
1100 2515 1159 2582 sed
1181 2537 1221 2584 ex
1243 2523 1275 2582 te
1298 2523 1348 2582 est
1370 2516 1455 2600 quod
1476 2523 1511 2582 tu
1533 2516 1652 2598 babes,
1686 2517 1748 2583 iste
1770 2518 1922 2584 mentitus
1944 2523 2005 2584 est.

380 2620 459 2703 quid
480 2626 531 2685 est
551 2618 639 2702 quod
659 2619 776 2700 babes,
810 2617 897 2702 quod
917 2639 981 2684 nou
1003 2619 1187 2703 acceperis?
1223 2618 1309 2684 unde
1330 2618 1409 2684 tolle
1432 2617 1485 2683 dei
1507 2619 1720 2684 voluntatem:
1753 2639 1827 2685 mox
1853 2639 2005 2703 agnosco,

382 2722 409 2788 si
432 2729 467 2788 tu
489 2727 600 2807 perte
623 2720 805 2787 adbonum
828 2711 929 2786 bobes
952 2721 1094 2803 aliquam
1121 2722 1334 2802 voluntatem,
1368 2739 1441 2785 cum
1469 2720 1533 2785 nisi
1561 2720 1731 2787 40141414
1759 2722 1849 2787 velut
1879 2723 2010 2789 lucerua

380 2823 592 2904 inlumineris,
619 2823 747 2905 cotidie,
772 2823 947 2889 nesciendo
969 2822 1049 2906 quid
1070 2822 1207 2907 elegerit
1226 2823 1336 2889 diviua
1351 2829 1503 2907 potestas,
1529 2822 1671 2888 excedis.
1768 2825 1828 2908 (41)
1855 2823 2010 2891 Dicamus

381 2926 546 2993 humiliter
567 2926 643 3009 quia
664 2925 747 2990 nihil
769 2925 844 2990 boni
866 2926 953 2992 velle
975 2925 1147 3008 habemus,
1179 2924 1242 2990 nisi
1272 2925 1408 3009 singulis
1431 2924 1547 2992 diebus
1570 2925 1697 2991 domino
1719 2925 1878 3010 largiente
1901 2947 2010 2993 suma·
2030 2944 2062 2987 44

381 3049 467 3111 mus,
499 3028 591 3094 iuxta
620 3027 706 3112 quod
734 3027 870 3111 legitur:
905 3049 990 3091 omne
1020 3030 1126 3092 domm
1153 3029 1262 3091 bouum
1293 3037 1321 3091 et
1341 3048 1427 3090 omue
1449 3029 1559 3090 docum
1578 3029 1747 3111 perfectum
1770 3031 1932 3093 desursum
1955 3039 2009 3110 est,

381 3137 417 3198 ut
432 3132 541 3198 domni
555 3131 650 3196 Pauli
663 3136 795 3196 teneant
816 3129 902 3196 dicta
924 3124 1125 3196 concordiam
1148 3136 1180 3196 et
1201 3151 1260 3196 nos
1282 3149 1375 3196 omne
1396 3130 1514 3195 bonum
1537 3129 1581 3195 ad
1603 3128 1656 3196 dei
1677 3128 1854 3197 referentes
1876 3131 2013 3215 gratim

384 3234 513 3301 fidelem
536 3253 770 3317 consequamur
792 3233 980 3300 doctrinam.
1022 3253 1098 3298 nam
1121 3233 1177 3317 qui
1200 3253 1271 3299 oum
1294 3233 1438 3317 apostolo
1460 3233 1572 3316 Paulo,
1597 3233 1633 3299 id
1655 3239 1705 3299 est
1727 3234 1819 3300 oculo
1841 3235 2010 3318 ecclesiae,

386 3345 418 3404 et
447 3357 518 3404 cum
548 3337 643 3402 beato
665 3335 845 3420 Augustino
875 3336 946 3402 eius
969 3356 1108 3418 sequace
1131 3342 1299 3419 consonat,
1331 3337 1365 3401 in
1388 3355 1425 3402 eo
1447 3335 1651 3420 ignorantiae
1673 3336 1778 3420 caligo
1800 3356 1865 3402 uon
1886 3344 2010 3420 regnat.

391 3441 450 3522 (43)
480 3438 572 3517 Quod
593 3445 700 3504 autem
724 3437 765 3503 dc
788 3437 914 3504 duabus
937 3438 1011 3521 viis,
1036 3439 1072 3504 id
1094 3445 1143 3504 est
1166 3439 1310 3523 spatiosa
1333 3445 1366 3504 et
1380 3445 1530 3522 augusta,
1556 3438 1683 3520 dicitur,
1709 3445 1745 3504 ut
1758 3439 1830 3522 quis
1844 3459 1903 3523 per
1917 3460 2014 3522 quam
2034 3462 2065 3504 so

382 3543 519 3628 elegerit
541 3541 709 3625 gradiatur
731 3539 809 3624 quid
831 3545 902 3608 esti
931 3561 989 3626 per
1011 3540 1186 3626 spatiosam
1209 3541 1327 3607 laxatis
1350 3540 1450 3607 irenis
1473 3542 1574 3608 libere
1597 3541 1804 3607 discurrimus
1827 3541 2014 3607 famulando

363 3645 539 3731 peccatis3
572 3644 607 3710 iu
629 3649 768 3726 angusta
789 3663 867 3708 vero
888 3642 1127 3710 consideremus
1149 3644 1330 3728 apostolum
1353 3642 1530 3709 dicentem:
1564 3647 1717 3707 coactione
1739 3665 1799 3728 qun
1823 3648 1923 3708 vocati
1943 3648 2015 3708 estis

381 3767 439 3833 per
461 3750 616 3811 domiuum
639 3749 739 3809 lerum
765 3747 930 3810 Christum.
1026 3749 1085 3832 (44)
1112 3747 1154 3812 Et
1180 3746 1255 3812 ideo
1283 3766 1347 3812 uou
1379 3745 1479 3830 elegit
1499 3745 1618 3828 aliquis
1640 3765 1744 3829 neque
1768 3745 1917 3812 adriam
1941 3766 2016 3831 per-

458 4092 468 4141 1
490 4096 592 4140 maneat
609 4091 635 4138 D
751 4087 917 4150 2441141444
937 4089 1045 4138 4101411
1158 4087 1393 4158 4411]44114440
1506 4086 1584 4156 44114]
1603 4091 1659 4138 4414
1676 4090 1702 4138 D
1806 4091 1877 4141 habit
1900 4089 1981 4138 01140

388 4175 726 4230 44141444144141414.
850 4181 925 4238 putat
943 4179 1038 4225 44444
1159 4172 1396 4243 attitulasset]
1415 4177 1557 4224 4144111411
1576 4173 1733 4223 41014000
1863 4175 2017 4226 3444141441

365 4327 368 4334 ¹
386 4259 514 4330 40004]
532 4263 651 4312 conistcri
669 4262 694 4309 D
798 4260 900 4310 114110
1005 4261 1085 4313 licre.
1105 4268 1129 4324 4,
1152 4263 1184 4312 21
1307 4262 1537 4325 444114141444
1641 4263 1770 4311 auferetur
1790 4258 1871 4330 000]
1889 4264 2017 4312 441444144

386 4351 440 4399 rctl.
547 4344 637 4415 iper]
655 4348 720 4410 4441
738 4361 784 4411 per
801 4349 824 4394 0
927 4349 1070 4409 ascripserit
1087 4347 1133 4395 00
1239 4349 1254 4398 5
1272 4349 1374 4396 amittet
1393 4343 1533 4413 Broucrus]
1550 4349 1646 4396 amittit
1663 4346 1735 4398 4444.
1841 4347 1857 4397 6
1877 4348 1928 4397 Iob.
1941 4351 1968 4409 8,
1983 4354 2016 4398 44

388 4436 401 4484 1
421 4437 555 4484 ueritatem
573 4449 621 4484 cru.
645 4433 675 4482 0¹
799 4435 947 4496 exemplum
969 4433 989 4479 0
1108 4432 1249 4484 84440414
1267 4433 1292 4480 D
1416 4430 1643 4500 141444]1411>
1776 4432 1804 4482 11
1825 4433 2017 4484 1444144004

388 4521 419 4571 12
438 4523 531 4570 ueritas
549 4520 575 4568 D
696 4520 826 4582 conpleuit
846 4517 909 4587 011]
927 4521 1064 4582 compleuit
1083 4519 1148 4580 401,
1170 4521 1303 4583 complebit
1324 4517 1358 4568 01
1479 4519 1510 4568 13
1529 4518 1600 4567 itone.
1623 4521 1646 4580 t,
1668 4521 1702 4567 18
1817 4517 1881 4568 Pto.
1903 4521 1928 4579 2,
1948 4521 1981 4569 13

388 4608 461 4655 44114
480 4604 525 4653 00
630 4604 661 4655 14
680 4607 740 4667 4414
757 4607 837 4666 ipsam
855 4605 879 4652 B
890 4619 918 4653 ca
930 4620 1004 4667 cora,
1024 4602 1115 4672 4001]
1135 4607 1180 4668 441
1197 4607 1228 4655 41
1246 4607 1327 4667 ipsam
1346 4604 1520 4666 AOMG¹B¹B,
1542 4606 1649 4667 44141441
1666 4605 1691 4652 D
1710 4607 1856 4665 exemplaris
1873 4605 2018 4666 compendio

387 4706 439 4741 acu
456 4693 577 4741 intellecto
693 4692 783 4740 bonam
802 4689 891 4757 4014]
912 4705 961 4740 om.
981 4693 1035 4740 rell.
1163 4691 1192 4741 15
1211 4692 1410 4754 intellegentiam
1432 4688 1778 4758 014000]141411144411444
1796 4691 1849 4751 44,
1869 4691 2016 4754 intelligen-

386 4780 451 4827 tium
470 4777 493 4825 0
653 4777 786 4826 sentiendo
805 4773 1117 4844 4000]44441441414,
1139 4791 1166 4828 44
1184 4778 1319 4827 444414414
1337 4775 1390 4839 BL,
1412 4777 1546 4847 nesciendo
1565 4777 1611 4824 00
1784 4775 2020 4826 101444144040

390 4863 420 4914 19
440 4868 464 4914 l.
483 4863 537 4913 Cor.
558 4870 584 4924 4,
606 4866 620 4912 7
748 4862 781 4912 20
799 4863 838 4911 illi
856 4862 885 4911 14
1004 4861 1036 4912 22
1056 4862 1117 4925 4411
1135 4869 1175 4912 est
1193 4864 1258 4925 quod
1276 4858 1387 4929 41100]
1405 4862 1465 4923 4411
1483 4867 1522 4910 cst
1540 4863 1600 4924 quid
1623 4861 1739 4910 014040
1860 4863 1979 4924 accepisti
1996 4863 2020 4910 0

388 4949 420 5000 23
439 4951 511 4998 14114
530 4947 559 4996 M
713 4948 745 4998 14
765 4950 867 4999 cottidie
889 4947 911 4997 0
1066 4950 1171 5011 clegerit
1190 4944 1321 5015 40040]
1339 4949 1448 5008 elegerat
1467 4947 1552 5008 1400,
1573 4949 1678 5010 eligeret
1695 4948 1721 4996 D
1876 4949 1975 4997 excedit
1994 4949 2017 4995 4

388 5031 814 5102 15441140444444441]4414444.
834 5035 966 5098 41414444
985 5037 1006 5083 4
1026 5040 1038 5084 1
1058 5050 1092 5084 m.
1112 5038 1238 5096 eapunatt,
1258 5034 1379 5083 44444411
1500 5035 1551 5082 nisi
1568 5048 1616 5082 om.
1637 5034 1684 5082 00
1794 5030 1896 5101 114144]
1914 5049 1962 5083 om.
1984 5031 2015 5094 0,

388 5122 477 5171 114144
496 5122 546 5170 4141
566 5123 587 5168 0
687 5119 720 5171 16
740 5122 820 5170 raeco.
844 5125 867 5182 1,
889 5125 921 5171 17
1025 5117 1130 5188 bouum]
1148 5123 1272 5183 optimum
1292 5121 1313 5168 0
1413 5116 1517 5187 donum]
1535 5122 1627 5169 bouum
1648 5120 1669 5166 0
1777 5119 1809 5170 27
1829 5125 1932 5169 teneant
1950 5115 2018 5187 001]

388 5209 537 5258 1444414411.
638 5206 670 5258 18
689 5205 881 5274 consequamur]
899 5210 1077 5270 consequimur
1089 5205 1159 5256 codd.
1257 5208 1369 5269 quicum
1384 5202 1440 5271 40]
1459 5207 1609 5267 quicumque
1622 5206 1677 5255 rett.
1775 5204 1808 5255 29
1826 5211 1852 5254 41
1867 5208 1923 5264 (orn.
1940 5204 1980 5262 14)

389 5297 505 5357 agustiuo
526 5293 581 5342 001
698 5293 725 5342 st
749 5296 808 5358 quid
828 5301 868 5344 cst
889 5290 1014 5361 00400]
1032 5294 1126 5356 quidus
1146 5292 1188 5352 41,
1210 5293 1311 5354 quidem
1329 5287 1463 5354 MDG¹A²,
1484 5292 1586 5353 quidam
1605 5287 1640 5337 0²
1742 5305 1788 5353 per
1805 5287 1949 5358 spatiosam]
1967 5304 2016 5340 om.

393 5380 433 5444 01,
454 5383 551 5442 supplet
566 5386 622 5442 post
639 5382 766 5442 gradiatur
785 5378 827 5442 01,
849 5396 894 5444 par
912 5385 1021 5444 spatiosa
1041 5379 1083 5428 00
1187 5380 1263 5428 111444
1281 5373 1459 5444 discurrimus]
1477 5377 1541 5425 iiber
1559 5377 1626 5426 redis
1644 5390 1702 5425 cum
1719 5391 1777 5425 mus
1797 5375 1933 5438 0440100,
1953 5378 2020 5426 11144

390 5467 456 5515 44114
474 5481 530 5514 cnm
549 5481 594 5514 uos
613 5465 654 5530 41,
676 5469 739 5516 11144
755 5468 839 5517 radiat
857 5483 913 5516 cum
932 5483 977 5518 uos
996 5467 1045 5531 41,
1067 5468 1131 5516 11144
1149 5466 1216 5514 44114
1234 5479 1290 5514 rum
1308 5465 1371 5527 DB,
1392 5464 1456 5512 liber
1474 5464 1540 5512 44114
1558 5476 1602 5511 444
1623 5463 1655 5525 (1)
1676 5461 1708 5524 4,
1727 5465 1792 5512 11144
1810 5463 1876 5513 44114
1898 5460 1931 5512 01
1948 5477 2020 5514 auca

390 5556 417 5601 iu
433 5567 513 5612 mcrp.
534 5552 633 5614 adpicta
737 5551 769 5602 32
789 5556 903 5615 augustia
923 5553 955 5601 41
1062 5552 1148 5614 reptes.
1169 5558 1195 5611 4,
1216 5554 1228 5598 1
