4478 6188
776 307 870 364 VITA
890 308 918 364 S.
939 308 1102 365 NARTINI
1121 311 1190 368 LIB.
1212 313 1262 367 lV.

551 497 647 562 mittit
668 497 711 562 ad
734 497 897 583 Hispanos
919 507 1043 568 armata
1065 508 1147 566 sorte
1169 502 1330 584 tribunos,

551 599 706 683 reliquias
727 600 852 667 heresis
875 602 929 686 qui
952 611 1108 687 quaerant
1129 612 1160 670 et
1182 606 1267 671 bona
1288 607 1405 672 tollant

550 704 761 788 inventosque
782 726 877 791 pares
899 706 1030 792 capitali
1054 708 1184 774 crimine
1208 709 1376 792 damnent,

551 807 598 872 sic
620 814 743 904 minen,
771 816 807 874 nt
828 818 959 877 cunctos
982 812 1108 878 occasio
1131 832 1231 878 saeva
1253 813 1374 880 feriret.

552 911 699 996 pluribus
721 932 798 996 ergo
821 913 914 978 malis
936 914 1064 980 bonitas
1087 915 1218 1000 inpulsa
1240 918 1342 997 beati,

553 1014 716 1081 Leucadio
738 1015 858 1101 pariter
879 1038 935 1102 pro
958 1018 1107 1102 praeside
1130 1026 1277 1105 prompta
1299 1022 1475 1106 precatrix,

553 1118 687 1184 occurrit
709 1120 885 1202 Treveros,
905 1120 985 1186 aliis
1007 1141 1133 1205 qnoque
1155 1129 1242 1216 mota
1264 1125 1426 1207 querellis.

553 1221 721 1308 pontifices
744 1223 865 1289 adeunt
886 1223 1043 1310 praedicti
1063 1225 1354 1312 principis'aurcs,

553 1347 594 1393 ne
616 1326 774 1393 Martinus
797 1333 863 1409 eat,
891 1328 1006 1413 synodi
1028 1329 1091 1395 nisi
1114 1351 1194 1416 pace
1216 1337 1356 1416 recepta.

554 1430 612 1496 sed
635 1451 726 1497 sacer
747 1430 893 1498 adseruit
915 1432 1035 1497 Christi
1058 1452 1093 1499 se
1115 1432 1149 1498 in
1171 1454 1251 1518 pace
1273 1455 1415 1501 manere.

553 1555 616 1618 quo
639 1535 728 1620 prius
749 1535 904 1601 abstinuit
925 1542 1056 1603 sanctus
1078 1556 1113 1603 se
1136 1538 1279 1604 coetibus
1301 1539 1377 1604 illis.

553 1638 720 1725 pontifices
741 1639 856 1704 iterum
879 1645 1048 1706 occurrunt
1069 1640 1112 1706 ad
1135 1641 1283 1708 Caesaris
1305 1643 1430 1724 aulam,

554 1749 648 1827 cogat
670 1750 705 1808 ut
726 1741 896 1824 innocuum
919 1762 954 1808 se
976 1743 1167 1829 participare
1189 1745 1323 1810 nocivis.

554 1854 706 1934 provocat
727 1847 869 1930 alloquio
892 1866 986 1930 quem
1008 1847 1149 1915 molliter
1169 1848 1391 1934 induperator,

554 1957 590 2018 ut
611 1950 786 2016 sociaretur
807 1950 940 2034 reliquis
963 1951 1142 2017 communio
1163 1952 1258 2036 iusti,

555 2055 787 2140 Theognistum
811 2054 928 2121 etenim
951 2055 1054 2120 solum
1077 2054 1221 2122 discesso
1242 2057 1443 2141 querellam,

555 2159 607 2226 cui
630 2180 692 2225 non
715 2158 896 2245 conplacuit
918 2159 1096 2225 communio
1119 2159 1217 2225 noxia
1239 2160 1383 2226 fratrum.

555 2263 630 2329 binc
651 2262 727 2348 quia
748 2283 813 2328 non
834 2262 937 2328 valuit
959 2261 1044 2329 flecti
1068 2263 1272 2330 vehementia
1294 2264 1413 2346 saneti,

454 2387 502 2424 aa
555 2366 673 2452 abripit
695 2387 735 2432 ex
757 2366 858 2432 oculis
881 2386 917 2432 se
939 2366 1092 2451 principis
1114 2367 1183 2431 alta
1205 2373 1356 2452 potestas.

555 2491 628 2536 mox
651 2488 857 2555 percussores
879 2469 988 2554 gladio
1010 2470 1177 2536 minitante
1200 2471 1342 2551 relaxat,

556 2575 612 2657 qui
634 2574 734 2640 semei
757 2575 897 2639 offensos
919 2574 1025 2639 iaculo
1047 2574 1166 2658 iigente
1188 2574 1357 2640 trucident.

556 2677 700 2763 conperit
720 2683 756 2742 nt
778 2683 908 2742 sauchvs
930 2683 1093 2743 reseratae
1116 2677 1239 2744 fraudis
1261 2677 1430 2760 amictum,

556 2780 718 2866 pollicitus
740 2779 826 2863 regi,
853 2798 888 2846 se
911 2779 1103 2864 participare
1126 2780 1279 2862 sinistris,

556 2891 588 2950 et
610 2884 730 2969 pietate
753 2882 862 2949 calens
884 2882 1017 2967 deponit
1038 2902 1146 2949 amore
1168 2883 1323 2967 rigorem:

556 3007 648 3054 meus
669 3007 725 3054 rea
747 2986 839 3053 cuius
861 2986 970 3070 abest,
997 3005 1072 3072 pars
1093 2985 1144 3067 fit,
1171 2987 1350 3052 commuuio
1374 2989 1498 3072 cnlpae.

555 3090 631 3158 hino
652 3111 689 3157 se
710 3089 890 3176 proripiens
911 3110 1046 3176 propere
1069 3090 1224 3156 Martinus
1246 3091 1366 3174 abegit.

556 3201 683 3261 aestuat
704 3193 828 3259 interea
849 3192 1001 3278 gradiens
1024 3193 1133 3277 gravis
1155 3194 1271 3259 anxius
1293 3214 1432 3278 angens,

557 3319 612 3364 our
634 3298 685 3365 vel
708 3296 751 3362 ad
773 3297 884 3364 horale
908 3295 1047 3382 spatium
1069 3297 1232 3363 consensit
1252 3296 1385 3380 iniquis.

223 3511 344 3559 Treveros
362 3510 472 3573 episcopi
492 3511 652 3569 tenebantur,
673 3510 718 3572 qui
735 3509 827 3558 cotidie
846 3509 1060 3557 communicantes
1074 3507 1168 3556 ithacio
1186 3521 1342 3556 communem
1361 3509 1408 3557 sibi
1427 3523 1525 3558 causam
1543 3512 1654 3559 fecerant
1665 3525 1685 3559 e.
1702 3527 1724 3573 q.
1740 3527 1760 3562 a.
1774 3540 1809 3550 -
1820 3539 1855 3548 -

226 3598 259 3659 (7)
285 3599 378 3646 ineunt
401 3611 459 3645 cum
482 3597 631 3659 imperatore
655 3596 804 3655 eonsilium,
830 3599 860 3643 ιιι
883 3594 967 3642 missis
991 3596 1089 3643 obviam
1117 3595 1229 3655 magistri
1248 3595 1398 3644 oiiicialibus
1415 3597 1502 3644 urbem
1521 3597 1589 3644 iliam
1608 3598 1709 3660 propius
1729 3603 1855 3648 vetaretur
1916 3606 1918 3610 '

225 3683 353 3744 accedere,
380 3684 432 3732 nisi
456 3697 483 3731 se
508 3698 564 3731 cnm
591 3698 651 3746 pace
669 3685 841 3745 episcoporum
859 3682 895 3729 ibi
913 3681 1108 3729 consistentium
1126 3681 1211 3729 adiere
1229 3682 1358 3730 fateretur.
1398 3696 1459 3744 quoe
1476 3684 1519 3731 iile
1538 3683 1627 3732 callide
1646 3684 1779 3733 frustratus
1797 3699 1854 3747 pro·

226 3771 320 3832 iiietur,
341 3783 368 3818 ιι
387 3783 522 3832 cumpace
541 3769 637 3818 (ibristi
655 3784 711 3818 esse
729 3773 874 3818 venturum.
915 3769 947 3831 (8)
969 3772 1094 3831 postremo
1112 3769 1239 3828 ingressus
1258 3774 1380 3818 nocturno
1398 3771 1509 3830 tempore
1527 3769 1591 3818 adiit
1609 3771 1738 3818 ecclesiam
1756 3775 1855 3820 tantum

225 3857 343 3905 orationis
361 3857 451 3918 gratia.
487 3857 607 3920 postridie
626 3858 749 3920 palatium
766 3857 839 3918 petit.
877 3860 976 3916 praeter
995 3854 1102 3915 multas,
1129 3869 1191 3917 quas
1216 3855 1330 3903 evolvere
1355 3855 1456 3914 longum
1476 3863 1530 3915 est,
1557 3857 1601 3904 has
1619 3857 1772 3919 principales
1789 3858 1857 3920 peti-

225 3942 306 3991 tiones
324 3942 446 3992 babebat:
466 3955 510 4006 pre
528 3944 632 3993 Narsete
651 3945 741 3992 comite
760 3948 786 3990 et
804 3941 929 3990 Leucadio
946 3941 1072 4003 praeside,
1092 3954 1198 4003 quorum
1216 3942 1288 3989 ambo
1307 3941 1419 3989 Gratiani
1438 3943 1547 4004 partium
1567 3944 1668 3991 inerant
1685 3961 1733 3991 —:
1758 3944 1791 4006 (9)
1812 3945 1855 3992 ilia

225 4030 373 4092 praecipua,
400 4043 431 4078 ne
455 4031 553 4078 tribuni
577 4045 634 4080 cum
661 4031 716 4078 iure
734 4029 872 4089 gladiorum
890 4026 922 4076 ad
940 4028 1074 4090 Hispanias
1092 4029 1263 4076 mitterentur.
1301 4028 1344 4089 pia
1361 4025 1429 4074 cuim
1448 4033 1501 4075 erat
1519 4027 1661 4077 sollicitudo
1679 4029 1800 4092 Martinc,
1827 4036 1856 4078 nt

227 4128 276 4164 nou
301 4115 380 4163 solum
398 4115 567 4180 Christianos,
597 4119 641 4180 qui
665 4117 711 4164 sub
734 4115 778 4163 iiia
801 4119 874 4162 eraut
896 4115 1022 4162 occasione
1045 4113 1169 4173 vexandi,
1195 4115 1239 4162 sed
1264 4115 1332 4174 ipsos
1357 4113 1431 4161 etiam
1456 4114 1596 4162 haereticos
1614 4116 1732 4164 liberaret
1749 4129 1769 4165 c.
1791 4133 1812 4179 q.
1834 4133 1853 4164 ι.

231 4201 281 4263 (ii,
304 4201 326 4261 1)
348 4201 445 4250 interea
462 4204 586 4266 episcopi,
608 4217 713 4266 quorum
731 4202 932 4251 communionem
950 4199 1072 4248 Martinus
1091 4213 1141 4249 non
1159 4200 1253 4262 inibat,
1274 4200 1367 4260 trepidi
1385 4199 1415 4247 ad
1435 4213 1518 4259 regem
1539 4206 1704 4260 concurrunt,
1724 4201 1856 4264 praedam-

228 4291 301 4334 natos
319 4301 345 4336 se
364 4295 559 4350 conquerentes,
585 4295 669 4338 actum
691 4303 747 4337 esse
765 4289 796 4337 de
816 4301 861 4336 suo
877 4287 990 4338 omnium
1009 4291 1090 4348 statu,
1118 4288 1141 4334 si
1159 4286 1296 4345 Theogniti
1317 4287 1361 4346 (sit
1378 4285 1538 4346 debeognitis
1554 4287 1581 4346 V,
1603 4287 1625 4335 si
1644 4287 1781 4348 theognisti
1801 4289 1855 4349 AF)

228 4373 406 4437 pertinaciam,
433 4377 477 4437 qui
500 4391 540 4426 eos
564 4378 632 4426 solus
655 4376 737 4438 palam
760 4376 814 4423 iate
838 4374 966 4424 sententia
984 4373 1203 4436 condemnaverat,
1231 4372 1333 4420 Martini
1351 4377 1458 4420 armaret
1476 4373 1612 4421 auctoritas
1631 4387 1651 4425 e.
1672 4389 1693 4437 p.
1714 4389 1733 4423 ι.
1775 4375 1807 4438 (3)
1830 4389 1858 4422 ιι

228 4459 309 4522 primo
333 4467 428 4510 secreto
452 4465 598 4512 arcessitum
622 4463 714 4512 blande
738 4462 848 4524 appellat
871 4474 893 4508 e.
912 4478 934 4524 p.
955 4476 976 4510 ι.
1020 4460 1189 4521 Theognitum
1214 4459 1395 4521 (theognistum
1413 4459 1468 4518 AF]
1496 4458 1553 4507 odio
1576 4461 1660 4521 potius
1686 4475 1761 4523 quam
1786 4475 1857 4510 cansa

230 4545 321 4595 iecisse
339 4547 482 4611 discidium,
504 4551 663 4611 eundemque
681 4555 765 4598 tamen
784 4549 867 4598 solum
885 4561 949 4608 esse,
975 4548 1019 4609 qui
1037 4561 1064 4595 se
1082 4562 1097 4594 a
1114 4547 1289 4595 communione
1307 4547 1409 4594 interim
1427 4547 1548 4608 separarit
1565 4558 1585 4594 e.
1607 4561 1630 4608 p.
1650 4560 1671 4594 a.
1712 4545 1744 4608 (ι)
1765 4548 1858 4608 quibus

231 4646 287 4680 cum
306 4632 428 4683 biartinus
445 4649 533 4696 parum
552 4641 704 4696 moveretur,
730 4651 775 4685 rea
797 4637 835 4684 ira
858 4633 1005 4684 accenditur
1027 4647 1055 4681 ae
1074 4648 1101 4682 se
1118 4633 1150 4681 de
1169 4637 1304 4695 conspectu
1322 4633 1378 4680 eius
1397 4633 1516 4694 abripuit.
1554 4645 1612 4680 mox
1630 4645 1789 4693 percussores
1806 4632 1855 4692 his,

231 4730 275 4780 pro
298 4719 391 4781 quibus
408 4720 532 4772 Martinus
555 4727 697 4784 rogaverat,
723 4722 874 4784 diriguntur.
916 4722 967 4784 (13,
989 4719 1012 4782 1)
1039 4719 1104 4782 quod
1128 4720 1174 4768 ubi
1191 4718 1298 4768 Martino
1322 4723 1476 4782 compertum
1501 4723 1555 4776 est,
1581 4719 1630 4766 iam
1648 4719 1729 4768 uectis
1747 4723 1858 4782 tempore

365 4905 643 4912 ——--.--—-——-

300 5030 348 5081 337
368 5033 434 5081 mitti
454 5032 506 5080 NM
626 5029 676 5082 338
694 5031 823 5096 relliquias
841 5031 888 5080 BL
1010 5028 1143 5098 quaerant]
1161 5037 1248 5080 aerant
1266 5029 1296 5078 P¹
1424 5029 1471 5079 341
1492 5029 1594 5094 inpulsa
1612 5025 1693 5094 Prie]
1710 5030 1820 5090 impulsa
1838 5029 1859 5077 L

231 5118 280 5168 eii
300 5119 414 5168 leucadio
432 5117 573 5188 Βιιιιιιιιι]
590 5119 699 5169 leocodio
716 5117 787 5168 codd.
903 5118 1068 5182 praeeedeN
1178 5122 1298 5181 prumpta
1317 5115 1390 5164 PNM
1506 5114 1556 5164 343
1574 5115 1693 5180 querellis
1713 5111 1777 5180 ΡΜ]
1795 5129 1859 5176 que-

232 5206 296 5256 rlilis
316 5205 346 5268 N,
372 5209 481 5270 querelis
499 5207 566 5256 BLS
705 5204 754 5253 345
773 5205 861 5265 synodi
881 5201 941 5272 ΡΝ]
964 5205 1045 5254 sinodi
1064 5205 1121 5254 reli.
1262 5203 1311 5252 346
1330 5205 1440 5252 assernit
1458 5202 1503 5250 BL
1642 5200 1692 5250 350
1712 5201 1806 5248 mollite
1828 5202 1857 5249 ΡΙ

233 5292 280 5342 351
301 5289 342 5360 ut]
361 5300 389 5343 ιι
408 5293 438 5341 P¹
550 5291 729 5342 commonloN
850 5290 899 5341 352
918 5292 1074 5352 thognietum
1093 5290 1149 5340 Bit
1254 5286 1406 5355 querellans]
1424 5289 1555 5350 querelans
1573 5287 1627 5350 BL,
1648 5287 1785 5349 queriilans
1803 5287 1858 5336 reti.

233 5378 282 5428 353
301 5381 442 5443 conplacuit
460 5378 562 5447 PNMS]
580 5379 729 5441 complacuit
746 5377 768 5426 L
872 5380 1009 5428 commonia
1028 5380 1117 5428 uoxaia
1136 5378 1158 5426 N
1262 5377 1311 5426 355
1330 5375 1477 5440 potestssN
1581 5373 1630 5424 356
1649 5375 1802 5435 percussoris
1817 5374 1860 5422 Pii

233 5465 281 5514 357
301 5468 378 5516 lecolo
395 5466 427 5516 P¹
561 5467 611 5517 358
629 5465 744 5528 conperit
763 5460 849 5529 PNN]
867 5468 985 5528 comperit
1003 5464 1045 5514 LS
1170 5466 1249 5514 irudie
1271 5464 1294 5512 N
1426 5461 1476 5510 353
1494 5462 1560 5521 regis
1580 5459 1631 5508 NN
1645 5460 1715 5522 Vsa,
1736 5461 1773 5508 rei
1793 5458 1824 5509 L¹

232 5555 396 5617 paraticipare
415 5555 444 5618 Ρ,
464 5558 588 5619 partipare
608 5553 636 5600 Μ
739 5551 864 5600 ministris
880 5553 937 5601 Vera.
1045 5551 1094 5600 366
1113 5553 1196 5601 calens
1216 5547 1272 5618 ΡΝ]
1290 5553 1328 5599 eal
1347 5549 1401 5612 Μ3,
1422 5564 1469 5598 om.
1487 5547 1531 5596 BL
1637 5545 1683 5596 361
1705 5545 1862 5613 parsPNli]

232 5654 277 5703 par
289 5640 354 5690 BLS
452 5644 589 5692 commonlo
603 5640 627 5689 N
730 5637 961 5702 coseranensis,
982 5639 1114 5689 rediensL
1219 5636 1268 5686 364
1287 5638 1327 5688 eui
1341 5636 1412 5684 BMS
1511 5636 1553 5684 uei
1570 5649 1619 5683 ern.
1634 5632 1666 5684 Pi
1764 5633 1864 5684 oralel'
