4336 6262
336 311 377 373 96
642 305 839 362 OPVSOVLA
858 305 1053 362 vauterio
1073 305 1301 363 FORTVNATO
1320 304 1423 363 Manu
1442 307 1669 364 ATTRIBVTA

334 497 405 562 ritis
436 519 562 583 semper
592 505 700 564 tautae
725 498 878 563 ubertatis
901 496 1066 562 fertilitate
1089 498 1166 562 urbs
1188 496 1365 564 Andeceva
1394 497 1648 583 superexcrevit,
1684 506 1718 564 ut
1746 499 1780 564 in
1810 501 1973 566 mercibus

334 601 432 666 modii
455 599 581 666 Cereris
612 608 708 683 atque
732 600 833 666 Baebi
863 600 966 665 fomm
990 600 1154 685 publicum
1177 621 1237 667 nec
1259 601 1468 682 minueretur,
1495 621 1536 668 ne
1559 603 1786 687 omnipotentis
1810 602 1864 669 dei
1885 603 1973 669 dona

334 697 535 782 vilescerent,
562 691 622 770 nec
644 710 817 788 augeretur
838 703 871 768 in
895 701 1017 788 pretiis,
1043 724 1084 769 ne
1107 705 1316 790 pauperiores
1338 705 1467 790 inopiae
1483 705 1754 772 necessitudinem
1769 712 1970 791 paterentur.

340 809 422 891 (1111)
451 808 586 892 Semper
615 807 700 873 enirn
731 806 765 872 in
788 805 970 890 sumptibus
993 805 1164 872 cotidianis
1186 808 1323 890 aequale
1346 815 1416 874 erat
1437 808 1575 892 pretium
1597 811 1735 892 nummi,
1769 829 1848 875 sane
1871 829 1973 894 opere

335 919 367 978 11
389 911 631 996 praedicatione
646 910 787 976 Maurilii
810 910 894 975 inter
915 910 1050 994 populos
1074 910 1136 975 sibi
1158 911 1344 977 commissos
1361 919 1525 978 crescente
1540 913 1713 978 concordia
1728 912 1974 979 diffundebatur
1995 937 2008 974 1

333 1014 452 1098 ubique
476 1034 558 1096 quac
581 1033 666 1079 nnnc
688 1013 834 1097 frigescit
856 1007 1033 1079 laudabilis
1056 1014 1157 1080 virtus
1180 1014 1308 1080 caritas.
1355 1015 1573 1081 cessaverant
1593 1015 1692 1098 bella,
1725 1037 1789 1101 pax
1812 1016 1974 1100 multipli-

334 1117 468 1183 cabatur
490 1118 523 1182 in
546 1137 657 1196 annos,
686 1118 894 1202 replebantur
916 1117 990 1182 vino
1014 1123 1110 1199 atque
1133 1116 1291 1184 frumento
1313 1118 1454 1183 omnium
1473 1118 1589 1184 borres
1602 1117 1741 1202 ideoque
1757 1139 1863 1203 aequa
1878 1127 1974 1185 erant

334 1222 367 1285 in
389 1220 530 1303 negotiis
553 1219 729 1286 secundum
750 1239 913 1304 quamque
935 1239 1074 1286 meroem
1097 1219 1184 1286 aeris
1207 1221 1407 1286 commercia.

246 1328 310 1392 XX
424 1325 507 1406 (108)
534 1324 573 1389 11
596 1344 682 1410 pago
704 1343 780 1389 vero
805 1322 856 1388 cui
879 1323 1066 1389 Commonio
1089 1343 1205 1390 nomen
1228 1331 1277 1390 est
1299 1330 1368 1389 erat
1391 1344 1488 1408 mpes
1511 1323 1672 1408 quaedam
1695 1325 1834 1407 excelsa,
1862 1325 1973 1392 diver—

333 1447 441 1493 sarum
455 1427 605 1492 arborum
627 1427 801 1509 generibus
825 1445 1001 1506 nemorosa,
1031 1426 1075 1492 ad
1097 1446 1192 1510 quarn
1215 1447 1278 1492 non
1301 1434 1367 1493 toto
1388 1427 1497 1493 adbuc
1519 1447 1719 1512 paganorum
1739 1429 1801 1494 ritu
1820 1428 1972 1496 discusso
1995 1451 2027 1491 ro

333 1531 503 1596 stultomm
526 1530 620 1595 turba
643 1531 856 1596 conveniebat
879 1549 1040 1595 sacrorum
1064 1550 1194 1595 suornm
1218 1530 1412 1615 sollempnia
1426 1531 1646 1597 anniversario
1661 1531 1774 1597 ordine
1790 1531 1967 1612 celebrare,

333 1633 388 1700 ubi
411 1653 468 1718 per
491 1639 615 1718 septem
638 1632 709 1698 dies
733 1633 894 1718 epulando
917 1639 949 1698 et
971 1633 1084 1699 choros
1107 1631 1255 1698 ducendo
1278 1641 1374 1716 atque
1391 1634 1578 1700 bacchando
1594 1635 1786 1719 sollempnia
1801 1654 1861 1701 sua
1875 1636 1972 1720 quasi

332 1737 402 1803 iure
426 1735 535 1802 debito
557 1736 797 1822 persolvebant.
850 1739 933 1814 (109)
961 1735 1026 1801 Sed
1048 1734 1135 1819 quod
1157 1735 1227 1801 fieri
1248 1736 1283 1801 11
1305 1737 1379 1802 vino
1402 1739 1590 1822 plerumque
1613 1745 1645 1804 et
1659 1738 1766 1822 epulis
1782 1739 1873 1818 solet,
1900 1745 1972 1803 orta

333 1839 491 1906 seditione
522 1838 614 1904 multi
637 1839 905 1920 vulnerabantur,
941 1838 1087 1904 nonnulli
1112 1838 1208 1904 etiarn
1232 1839 1341 1906 ibide
1365 1860 1451 1907 more
1472 1840 1719 1924 iugulabantur,
1753 1847 1785 1906 11
1807 1840 1842 1907 id
1863 1841 1971 1926 ipsum

334 1963 406 2009 curn
428 1942 612 2023 accidisset,
637 1942 820 2009 inevitabili
844 1942 910 2008 fato
932 1941 1002 2007 fieri
1024 1943 1257 2008 acclamabant.
1311 1945 1392 2027 (110)
1421 1943 1515 2022 Quod
1536 1943 1592 2008 ubi
1607 1943 1776 2010 Mamilius
1800 1944 1966 2028 comperit,
1993 1966 2026 2006 11

332 2067 391 2113 111
423 2066 512 2112 mora
541 2066 613 2111 cum
644 2045 805 2130 religiosis
835 2044 1029 2128 quibusdam
1059 2045 1212 2110 iratribus
1235 2045 1278 2110 ad
1299 2046 1405 2111 locum
1428 2046 1586 2131 perrexit,
1621 2047 1676 2113 ubi
1699 2067 1771 2113 curn
1793 2047 1826 2111 in
1847 2047 1971 2113 ieiunio

333 2158 364 2216 et
387 2149 531 2215 oratione
554 2170 619 2215 una
642 2156 733 2214 nocte
757 2149 943 2233 vigilasset,
977 2149 1137 2232 gallorum
1160 2156 1257 2214 cantu
1278 2155 1387 2214 tantus
1410 2149 1494 2216 fetor
1516 2148 1557 2215 de
1579 2150 1650 2215 loeo
1673 2150 1827 2230 surrexit,
1856 2141 1973 2214 1111111
2072 2171 2081 2182 ·

331 2254 381 2317 111
411 2259 542 2318 sanctus
570 2251 690 2317 ibidem
721 2251 868 2317 babitare
899 2257 1007 2336 posset
1036 2271 1108 2317 eum
1140 2252 1219 2318 suis.
1271 2254 1353 2334 (111)
1382 2253 1476 2348 blane
1505 2258 1613 2318 autem
1642 2251 1769 2318 reddito
1792 2252 1889 2318 etiam
1913 2254 1970 2336 qui

333 2355 591 2440 superstitionem
614 2355 675 2420 loci
697 2355 786 2420 illiue
808 2361 905 2420 antea
927 2354 1100 2420 servabant
1122 2355 1350 2438 intellegentes
1374 2375 1409 2421 se
1432 2354 1543 2421 divina
1565 2355 1682 2421 1111111
1705 2356 1900 2439 perterritos,
1928 2376 1970 2422 ne

332 2459 486 2544 episeopo
519 2463 750 2542 repugnarent,
788 2456 853 2542 ipsi
888 2477 960 2521 cum
990 2457 1103 2523 eodem
1134 2477 1227 2523 omne
1256 2476 1370 2524 nemus
1400 2457 1566 2524 succidere
1596 2467 1628 2524 et
1657 2459 1733 2542 igne
1763 2478 1970 2524 concremare
1992 2482 2026 2522 11

331 2563 496 2628 festinant.
548 2563 631 2644 (112)
660 2561 709 2626 lta
739 2567 846 2626 autem
870 2560 1024 2626 mundato
1053 2581 1111 2645 per
1139 2561 1249 2645 ignem
1278 2561 1348 2626 loco
1376 2561 1562 2627 aedificavit
1589 2561 1637 2626 ibi
1660 2561 1770 2626 statim
1791 2561 1824 2626 in
1848 2561 1970 2628 honore

330 2667 447 2733 beatae
470 2664 592 2730 Mariae
615 2663 779 2748 genitricis
802 2663 984 2728 basilicam.
1026 2665 1130 2730 Locus
1153 2664 1239 2730 enirn
1260 2663 1318 2730 ille
1341 2664 1397 2748 qui
1419 2671 1517 2730 antea
1531 2665 1641 2748 Rupes
1663 2664 1716 2730 vel
1733 2665 1840 2730 Lucus
1855 2665 1971 2731 Martis

331 2770 560 2856 appellabatur
582 2768 731 2834 Castrum
754 2769 868 2833 Petrae
891 2785 1007 2832 nomen
1030 2766 1167 2852 accepit.

230 2878 311 2944 XXI
425 2874 506 2957 (113)
535 2870 661 2937 Accidit
683 2877 790 2937 autem
813 2869 917 2935 isdem
941 2869 1068 2952 diebus,
1095 2877 1130 2936 ut
1150 2870 1266 2935 beatus
1281 2869 1449 2935 Maurilius
1473 2869 1516 2936 ad
1539 2870 1672 2936 fratmm
1695 2871 1912 2937 visitationem
1937 2877 1972 2937 et

329 2977 413 3042 inter
444 2975 601 3059 quosdam
637 2973 801 3040 discordes
835 2970 1074 3038 reformandam
1107 2992 1219 3057 pacem
1251 2972 1535 3039 Oinnomannicam
1568 2981 1737 3040 vocaretur
1768 2973 1812 3040 ad
1840 2975 1968 3040 urbem.
1994 2998 2027 3039 aa

330 3081 400 3159 Quo
431 3099 502 3145 curn
534 3078 604 3144 sine
634 3097 723 3142 mora
753 3077 897 3158 venisset
922 3083 954 3142 et
977 3097 1056 3161 pace
1080 3076 1163 3142 inter
1184 3075 1325 3141 dissides
1347 3077 1496 3142 restituta
1517 3075 1645 3159 regredi
1667 3077 1842 3162 coepisset,
1873 3083 1973 3143 anta-

330 3203 427 3267 quam
457 3181 500 3247 ad
523 3183 654 3246 Pontem
677 3180 809 3265 Leugae
839 3179 1040 3265 perveniret,
1072 3179 1199 3244 incolae
1222 3179 1283 3244 loci
1305 3179 1414 3262 illius,
1448 3186 1483 3245 ut
1504 3177 1782 3246 benedictionibus
1805 3180 1972 3265 praesulis

329 3287 449 3352 firmari
472 3290 677 3362 mererentur,
706 3283 776 3348 eins
799 3283 974 3349 adventurn
998 3282 1147 3348 devotius
1163 3282 1453 3368 praestolabantur.
1506 3283 1590 3366 (114)
1616 3283 1704 3348 Inter
1718 3302 1801 3367 quos
1816 3291 1973 3367 parentes

331 3389 496 3455 cuiusdam
526 3387 618 3474 pueri
646 3387 746 3452 filium
778 3406 871 3451 suurn
901 3385 1002 3450 nimia
1029 3385 1216 3451 infirmitate
1244 3405 1284 3450 ex
1313 3391 1456 3469 tempore
1485 3393 1656 3469 gravatum
1685 3405 1778 3451 secus
1800 3385 1887 3451 viam
1911 3407 1974 3472 per

330 3513 427 3576 quam
449 3491 618 3557 transitum
641 3489 788 3576 episcopi
810 3489 878 3554 fore
902 3497 1118 3573 cognoverant
1140 3495 1317 3574 posuemnt
1335 3488 1497 3555 dicentes:
1523 3489 1644 3556 Poterit
1665 3489 1750 3554 enim
1774 3488 1803 3554 si
1824 3489 1970 3556 voluerit
1991 3515 2025 3554 ao

329 3595 429 3662 nostri
462 3594 614 3661 infantuli
643 3594 787 3658 obtinere
818 3594 955 3658 salutem
983 3592 1040 3676 qui
1068 3599 1193 3658 mortuo
1222 3611 1320 3677 puero
1349 3591 1448 3657 vitam
1479 3591 1573 3657 reddi
1601 3591 1738 3658 obtinuit
1766 3591 1862 3658 etiam
1894 3602 1974 3678 post

330 3806 484 3854 sanctissimi
508 3804 632 3866 praesulis
657 3803 734 3852 totius
758 3802 845 3866 populi
864 3799 1052 3850 Andecavensis
1076 3802 1201 3862 generalis
1225 3801 1277 3849 fult
1299 3802 1433 3862 proiectus.
1472 3803 1495 3849 A
1514 3802 1554 3850 111
1573 3801 1736 3850 ordinationis
1754 3803 1834 3850 saneti
1852 3801 1972 3852 Maurilll

329 3905 410 3952 usque
428 3890 459 3938 ad
478 3890 614 3939 transitum
632 3895 716 3938 mutae
735 3890 824 3938 urbem
843 3888 1000 3937 Andecavam
1019 3889 1141 3937 ubertatis
1161 3886 1315 3936 abundantia
1333 3887 1455 3949 replerit,
1478 3888 1606 3936 otiorum
1624 3887 1755 3949 publicum
1772 3888 1802 3935 in
1819 3887 1902 3950 pretio
1920 3889 1973 3938 ali-

329 3978 467 4026 monlarum
486 3989 534 4024 nec
551 3976 710 4025 minueretur
728 3988 775 4023 nec
794 3973 937 4023 adderetur.
969 3973 1059 4023 Cuncti
1077 3973 1166 4036 populi
1184 3974 1280 4035 repleta
1299 3979 1370 4022 erant
1388 3973 1474 4022 horrea
1492 3987 1524 4021 ex
1541 3975 1655 4022 ubertate
1674 3973 1754 4023 tritici
1773 3978 1800 4021 et
1818 3975 1889 4022 vini:
1910 3987 1972 4023 cea-

329 4068 444 4111 sareraut
463 4063 532 4110 enim
551 4063 633 4124 bella,
652 4075 702 4124 pax
719 4063 786 4109 bona
804 4067 885 4110 terrae
903 4060 1123 4122 multiplicaverat,
1144 4065 1260 4108 cunctam
1279 4073 1378 4121 quoque
1397 4059 1496 4123 plebem
1514 4059 1655 4120 repleverat
1672 4061 1761 4109 1111111
1780 4073 1837 4108 cum
1856 4060 1973 4124 reliqua·

329 4164 384 4199 rum
410 4150 535 4198 virtutum
561 4151 586 4196 et
610 4148 729 4196 bonorum
754 4160 851 4196 morum
876 4147 1068 4208 consequentia,
1096 4150 1125 4194 ut
1150 4159 1193 4194 eoa
1210 4150 1295 4208 pastor
1310 4147 1391 4194 bonne
1410 4145 1553 4208 apostolicis
1571 4145 1688 4195 docuerat
1706 4146 1809 4194 monitis
1827 4148 1923 4208 pariter
1943 4157 1972 4197 et

329 4233 460 4296 exemplis.

415 4318 501 4369 9-23
522 4319 693 4380 Mcpnotodus
711 4333 732 4368 e.
756 4321 803 4367 te:
823 4319 884 4366 Erat
901 4320 929 4366 in
946 4330 1009 4381 pago
1022 4316 1179 4366 Commoulco
1198 4331 1272 4380 mpes
1290 4318 1390 4366 excelsa
1407 4318 1522 4366 arborum
1539 4317 1695 4367 diversarum
1714 4330 1805 4378 genera
1823 4318 1904 4366 multa
1923 4319 1972 4367 lra-

329 4409 407 4468 bens,
433 4408 461 4454 in
486 4419 561 4467 quern
586 4405 671 4453 lucum
695 4419 727 4454 ex
750 4418 847 4468 pagano
869 4404 949 4453 adbuc
972 4407 1025 4454 ritu
1048 4411 1148 4454 retenta
1171 4404 1355 4453 cousuetudine
1377 4409 1448 4453 tanta
1466 4404 1599 4452 stultorum
1616 4404 1746 4453 bominum
1765 4404 1874 4464 siugulis
1891 4406 1971 4454 annis

328 4495 402 4541 turba
420 4492 600 4553 conveniebat,
628 4497 658 4540 ut
675 4491 765 4541 diebus
784 4497 882 4555 septem
901 4491 1023 4541 solemnia
1041 4491 1076 4538 lbi
1095 4491 1211 4551 sacrilega
1230 4492 1391 4540 exsolverent
1408 4489 1549 4539 bacchando
1567 4494 1593 4538 et
1610 4489 1694 4538 choros
1712 4491 1820 4551 gentiles
1837 4490 1965 4552 11111111,

329 4579 372 4627 ssd
392 4585 418 4626 st
436 4578 584 4640 frequenter
601 4583 657 4640 post
675 4579 735 4626 vina
752 4582 779 4626 et
797 4579 885 4640 epulas
902 4578 1064 4638 insurgentes
1082 4577 1111 4626 iu
1129 4589 1156 4625 ss
1175 4577 1310 4625 multorum
1327 4575 1402 4625 caede
1420 4581 1509 4624 mutua
1526 4577 1673 4635 sangninem
1686 4574 1859 4624 effundebant.
1893 4576 1971 4635 Quod

328 4665 415 4714 dolens
428 4664 562 4714 Maurilius
581 4665 696 4727 pontifex
715 4663 821 4726 quadarn
840 4663 882 4712 die
900 4677 953 4713 una
970 4677 1027 4712 cum
1045 4663 1166 4712 fratribus
1184 4664 1238 4712 suis
1256 4662 1287 4711 ad
1305 4676 1363 4711 eum
1380 4663 1462 4710 locum
1481 4663 1633 4724 perveniens
1651 4667 1704 4712 tota
1722 4667 1794 4711 nocte
1810 4663 1970 4714 lucratione

328 4751 457 4815 perdurat.
496 4751 536 4799 Ad
560 4750 679 4811 gallomm
704 4757 804 4799 centnm
831 4755 921 4799 tantus
942 4751 1022 4798 foetor
1040 4749 1071 4798 de
1090 4750 1142 4799 loco
1161 4763 1277 4811 emeatus
1296 4756 1349 4813 est,
1375 4755 1405 4798 ut
1422 4751 1465 4797 vix
1483 4749 1584 4797 tandem
1602 4749 1775 4798 1111111111
1795 4750 1904 4798 euialbi
1924 4751 1969 4799 in-

328 4838 441 4886 babltare
466 4842 569 4902 posset:
596 4851 645 4900 quo
665 4837 783 4886 videlicet
800 4837 874 4898 siguo
893 4837 1034 4886 eliminatae
1053 4835 1156 4896 gentilis
1175 4841 1201 4884 et
1218 4835 1393 4884 daemoniacae
1411 4835 1550 4897 spurcitiae
1567 4835 1649 4898 palam
1667 4837 1783 4884 omuibus
1801 4835 1858 4884 dato
1876 4841 1903 4884 et
1921 4851 1970 4900 per

328 4924 372 4972 boc
397 4926 582 4973 rusticanorum
607 4937 708 4986 qnoque
731 4925 814 4972 turbis
838 4922 869 4972 ad
894 4923 1088 4971 destructionem
1114 4935 1175 4971 suae
1200 4923 1391 4986 superstitionis
1410 4922 1542 4981 animatis,
1570 4923 1626 4971 luce
1643 4923 1726 4985 prima
1744 4928 1845 4970 sauctus
1864 4924 1969 4986 praesul

329 5012 428 5061 arbores
445 5011 526 5060 incidi
545 5014 571 5059 et
589 5012 650 5070 igne
667 5012 770 5058 cremari
788 5011 925 5073 praecepit.
965 5009 998 5057 Et
1015 5008 1146 5058 aedificata
1164 5009 1258 5057 ibidem
1277 5008 1380 5057 ecclesia
1399 5008 1519 5070 gloriosae
1537 5007 1631 5056 Mariae
1650 5009 1739 5057 matris
1758 5007 1870 5068 domiui,
1896 5008 1969 5058 locus

328 5101 383 5161 ipsc
405 5097 498 5147 abolito
525 5099 602 5146 etiam
626 5096 742 5145 vocabulo
764 5095 830 5157 quod
854 5101 928 5144 antea
949 5109 982 5144 ex
1007 5095 1218 5157 superstitionum
1235 5095 1393 5143 observantia
1411 5099 1576 5157 usurpaverat
1593 5109 1607 5142 a
1624 5094 1736 5143 naturali
1754 5095 1880 5156 positione
1899 5097 1969 5146 altus

331 5199 421 5234 nomen
441 5185 539 5248 aceepit
557 5184 672 5234 Castrum
691 5183 787 5232 Petrae.

414 5270 447 5321 tt
466 5297 499 5308 ···
517 5286 544 5333 p.
560 5269 601 5332 97,
624 5271 642 5318 1.
659 5269 685 5318 11
708 5268 881 5330 11111οὸ1111
899 5283 920 5316 c.
942 5269 991 5317 20:
1018 5267 1081 5316 Cum
1101 5274 1219 5316 evocatus
1238 5268 1330 5316 inisset
1347 5269 1437 5316 beatus
1457 5267 1589 5315 Maurlllue
1611 5269 1642 5317 ob
1666 5269 1769 5316 fratrum
1789 5268 1968 5318 visitationem

328 5357 520 5407 Cerromanicam
546 5359 687 5419 civitatem,
714 5362 858 5406 revertente
882 5369 911 5405 eo
936 5361 994 5417 post
1019 5355 1148 5415 negotium
1173 5355 1314 5403 confectum
1333 5355 1359 5401 in
1377 5367 1453 5416 pace,
1481 5353 1511 5402 ad
1529 5353 1634 5403 Pontem
1654 5354 1754 5415 Leugae
1772 5354 1871 5402 lacebat
1889 5368 1967 5418 puer,

328 5457 403 5505 quem
428 5450 545 5507 parentes
570 5447 625 5494 elus
643 5445 739 5493 obviarn
759 5444 873 5493 venienti
892 5448 977 5490 sancto
996 5443 1106 5490 antistiti
1125 5447 1274 5503 posuerant,
1301 5440 1345 5502 qul
1364 5453 1464 5488 ornnem
1482 5453 1624 5502 compagem
1643 5440 1809 5488 membrorum
1827 5440 1968 5490 obvolutus

413 5619 428 5666 ‘l
448 5614 492 5684 ue]
511 5621 605 5678 scripsi,
628 5632 672 5664 nec
693 5615 757 5676 (GP,
869 5614 901 5663 ll)
919 5629 1013 5677 pagano
1032 5613 1055 5661 P
1160 5591 1193 5661 13
1213 5617 1293 5661 castae
1314 5613 1337 5660 P
