4336 6262
846 354 939 412 VITA
959 353 1097 411 SANOTI
1115 353 1277 410 LEOBIb'l.
1717 415 1720 430 ,
1836 360 1876 419 75

246 548 422 615 Leobinum
453 547 634 615 discedere.
694 549 754 628 (15)
783 546 906 612 Nolens
935 545 1044 629 itaque
1074 545 1123 610 vir
1152 551 1282 611 sanctus
1312 544 1497 610 huiusmodi
1526 547 1789 631 persuasionibus
1818 546 1878 611 ad-

244 651 421 736 quiescere,
450 651 572 718 fortiter
593 649 747 717 resistens
771 656 890 715 ettam
914 668 1031 732 vagum
1055 647 1185 714 trabem
1208 647 1242 713 in
1265 667 1322 714 suo
1346 649 1499 714 comitatu
1522 649 1640 715 babere
1656 657 1873 730 contemnens,

244 754 430 822 continuato
452 753 671 837 quinquennio
693 753 727 819 in
750 753 863 819 eodem
887 758 1099 817 commoratus
1122 759 1173 818 est
1193 751 1355 817 coenobio.

338 860 400 943 (16)
427 859 555 924 Interea
584 857 661 924 dum
683 857 880 922 Francorum
909 855 990 921 dura
1020 855 1170 922 ferocitas
1193 861 1304 921 contra
1327 854 1574 938 Burgundiones
1598 856 1685 922 bella
1707 856 1881 923 concitaret
1903 855 1931 920 V

211 969 279 1028 set
309 961 454 1030 eiusdem
484 962 587 1028 cellae
617 959 767 1027 monachi
796 980 905 1026 eorum
936 965 1022 1025 metu
1044 957 1107 1024 huc
1129 958 1272 1042 illucque
1296 957 1506 1042 diffugerent,
1542 958 1727 1042 praedictus
1749 967 1880 1027 sanctus

246 1086 318 1132 cnm
351 1066 452 1132 altero
483 1084 561 1132 sene
590 1064 659 1130 illic
688 1061 843 1129 remansit
869 1061 1059 1145 intrepidus.
1107 1061 1336 1146 interpella-tus
1359 1081 1436 1144 ergo
1457 1061 1514 1126 ille
1537 1062 1620 1128 alter
1642 1081 1741 1129 senex
1763 1085 1784 1128 a
1806 1065 1880 1130 bar-

246 1168 351 1250 baris,
387 1176 423 1235 ut
450 1187 501 1234 res
532 1165 720 1234 monasterii
750 1172 834 1233 totas
863 1166 1036 1250 panderet,
1072 1164 1238 1250 respondit
1259 1165 1391 1231 beatum
1414 1165 1591 1232 Leobinum
1615 1187 1725 1233 omnes
1748 1166 1879 1234 easdem

249 1291 299 1338 res
329 1272 426 1352 scire,
463 1291 498 1338 se
529 1278 636 1338 autem
667 1271 707 1336 ab
738 1289 849 1336 earum
880 1268 1061 1354 cognitione
1091 1269 1232 1334 alienum
1255 1287 1338 1334 esse.
1390 1271 1451 1352 (17]1
1479 1269 1550 1335 Hac
1573 1288 1650 1353 ergo
1674 1270 1880 1336 excusatione

247 1376 304 1443 illc
338 1376 443 1461 priore
477 1394 556 1441 sene
590 1376 631 1441 ab
665 1373 871 1458 inquisitione
900 1373 1053 1454 liberato,
1090 1379 1263 1457 coeperunt
1292 1371 1451 1466 praedicti
1479 1373 1607 1439 barbari
1635 1374 1798 1440 hominem
1828 1375 1881 1440 dei

200 1493 228 1534 ¹0
249 1479 389 1547 molliter
410 1479 543 1562 alloqui,
569 1485 604 1543 ut
626 1478 653 1544 si
676 1477 755 1562 quid
778 1497 818 1544 ex
842 1476 966 1543 eisdem
988 1477 1083 1542 rebus
1105 1483 1216 1542 nosset
1237 1475 1496 1561 praesentialiter
1518 1477 1684 1561 panderet.
1729 1475 1881 1555 Quicum

246 1602 305 1666 per
332 1602 406 1648 eum
434 1583 502 1650 suis
530 1581 760 1648 blandimentis
790 1580 870 1648 nihil
899 1586 1031 1667 possent
1061 1599 1101 1645 ex
1124 1578 1175 1644 his
1197 1599 1281 1663 quas
1304 1579 1503 1664 quaerebant
1524 1579 1736 1664 investigare,
1772 1581 1882 1647 multi-

112 1713 123 1728 ·
248 1685 344 1752 moda
366 1706 542 1773 poenarum
564 1705 687 1770 genera
708 1684 930 1768 excogitantes
953 1703 1115 1770 apponere
1137 1689 1306 1768 temptant.
1365 1685 1426 1766 (18)
1452 1683 1536 1748 Nam
1559 1683 1696 1750 frontem
1719 1685 1788 1750 eius
1812 1706 1882 1752 cor-

248 1787 300 1854 dis
330 1788 453 1855 sortiter
480 1788 716 1856 circumdantes
747 1796 781 1855 et
808 1787 908 1873 pedes
938 1788 1077 1854 fustibus
1107 1786 1344 1872 adstringentes
1374 1794 1406 1853 et
1433 1807 1532 1872 saepe
1562 1807 1636 1854 eum
1665 1788 1698 1853 in
1721 1789 1882 1874 gurgitem

248 1893 502 1976 submergentes,
531 1893 613 1959 sieut
635 1912 695 1959 neo
717 1891 885 1958 blanditiis
907 1893 954 1958 ita
975 1911 1036 1958 nec
1058 1891 1223 1958 tormentis
1243 1892 1284 1957 ab
1300 1911 1338 1957 eo
1353 1889 1478 1975 aliquid
1494 1898 1683 1976 extorquere
1698 1899 1879 1979 potuerunt.

198 2014 228 2054 rs
249 1993 386 2062 Sanctus
419 2016 495 2062 vero
526 1996 686 2063 Leobinus
720 1995 804 2061 inter
837 2001 1006 2079 utrumque
1041 2002 1225 2061 constanter
1253 1995 1433 2080 perdurans
1464 1995 1579 2061 maluit
1607 1995 1692 2062 ferre
1722 1997 1883 2082 supplicia

249 2098 428 2181 iniquorum
452 2121 549 2184 quam
572 2101 718 2166 revelare
741 2104 869 2165 secreta
890 2099 1129 2165 monachorum.

340 2203 400 2287 (19)
429 2203 488 2269 His
521 2223 638 2287 nempe
671 2201 840 2288 suppliciis
873 2201 1100 2268 miserabiliter
1129 2201 1285 2282 afflictus,
1324 2201 1400 2267 licet
1429 2201 1606 2268 semivivus
1636 2202 1748 2268 diviua
1775 2211 1884 2269 tamen
1907 2200 1950 2264 Vl

248 2305 448 2389 suffragante
473 2326 536 2390 ope
559 2313 707 2391 ereptus,
740 2304 886 2371 decrevit
908 2325 980 2371 cnm
1003 2304 1127 2371 duobus
1151 2305 1304 2371 fratribus
1326 2304 1479 2370 Eutropio
1503 2312 1535 2370 et
1557 2305 1688 2372 Rustico
1711 2305 1801 2371 adire
1824 2305 1885 2372 ite-

248 2429 318 2474 rum
341 2417 488 2476 sanctum
510 2410 641 2475 Avitum
664 2409 697 2474 in
720 2416 814 2475 vasta
837 2409 953 2475 Pertici
976 2407 1149 2474 solitudine
1172 2416 1429 2490 commorantem,
1457 2427 1537 2491 quos
1559 2409 1615 2475 ille
1638 2408 1781 2474 fraterna
1803 2409 1886 2475 cari-

196 2531 228 2572 no
249 2519 315 2578 tate
346 2514 528 2598 suscipiens
559 2521 591 2580 et
621 2513 695 2580 illos
719 2513 799 2579 duos
822 2513 939 2578 fratres
962 2512 1143 2597 praedictos
1165 2532 1224 2597 per
1247 2531 1388 2597 congrua
1411 2511 1473 2578 sibi
1496 2511 1604 2577 officia
1626 2512 1816 2597 disponens,
1852 2519 1887 2578 ut

248 2618 399 2700 cognovit
427 2617 516 2684 beati
540 2617 601 2682 viri
623 2623 763 2683 mentem
788 2615 921 2682 caelesti
944 2615 1085 2681 bonitate
1109 2614 1239 2681 uberius
1263 2615 1455 2697 enitescere,
1490 2635 1564 2681 eum
1586 2615 1709 2681 cellarii
1732 2615 1888 2700 praefecit

248 2719 366 2785 officio.
420 2723 481 2802 (20)
509 2721 547 2785 In
570 2719 662 2786 cuius
684 2719 854 2785 ministerii
877 2718 1118 2803 dispensatione
1140 2717 1186 2782 ita
1208 2737 1244 2784 sc
1266 2718 1407 2784 reddidit
1430 2718 1611 2804 providum,
1639 2726 1674 2784 ut
1688 2739 1748 2785 uec
1764 2705 1893 2805 petenti

250 2820 375 2904 aliquid
405 2822 496 2887 daret
526 2821 722 2907 superfluum
744 2842 804 2888 neo
826 2821 987 2904 indigenti
1010 2841 1186 2904 congruum
1210 2821 1412 2887 subtraheret
1434 2821 1633 2888 alimentum.
1681 2822 1772 2888 Adeo
1795 2843 1888 2888 nam-

250 2943 314 3007 que
336 2924 450 2990 beatus
473 2925 588 2990 Avitus
611 2925 680 2990 eius
703 2925 893 3008 obsequium
917 2923 979 2989 sibi
1002 2930 1213 3009 conspexerat
1234 2931 1378 3007 gratum,
1407 2931 1443 2989 ut
1464 2943 1542 2990 suae
1565 2923 1750 3008 fragilitatis
1773 2945 1887 3010 corpus

199 3045 231 3087 as
250 3025 371 3095 ieiunio
403 3034 601 3094 maceratum
635 3035 668 3094 et
699 3028 789 3094 senio
823 3027 1034 3093 adtenuatum
1068 3028 1158 3093 nullo
1191 3026 1321 3094 audem
1355 3027 1507 3094 alimento
1537 3026 1682 3095 reficeret
1710 3029 1773 3095 nisi
1802 3029 1888 3111 quod

252 3131 365 3197 beatus
388 3130 550 3198 Leobinus
574 3150 634 3196 sua
654 3129 816 3197 industria
838 3137 1077 3216 praeparasset.

343 3235 405 3318 (21)
433 3235 567 3300 Factum
597 3241 648 3300 est
676 3240 800 3315 autem
837 3242 872 3301 ut
902 3254 974 3300 oum
998 3234 1146 3300 dominus
1168 3233 1255 3299 beati
1278 3234 1365 3300 Aviti
1388 3234 1566 3300 solitarium
1589 3234 1732 3300 laborem
1755 3237 1887 3303 caelesti
1913 3233 1972 3297 Vll

252 3337 400 3403 mercede
430 3356 638 3403 remunerans
667 3337 803 3404 terrenis
833 3345 1017 3422 exemptum
1045 3335 1287 3424 impedimentis
1314 3337 1347 3402 in
1379 3337 1518 3422 collegio
1549 3344 1732 3403 sanctorum
1758 3357 1886 3405 suorum

252 3447 516 3506 connumeratum
539 3439 690 3522 haberet,
725 3448 857 3507 sanctus
881 3440 1044 3508 Leobinus
1066 3461 1138 3507 cum
1162 3440 1337 3524 praedictis
1360 3440 1486 3506 duobus
1510 3440 1662 3506 fratribus
1684 3441 1719 3507 in
1742 3442 1810 3507 loco
1833 3443 1887 3525 qui

199 3562 232 3604 sc
253 3550 386 3610 vocatur
408 3544 625 3611 carbonariae
656 3543 799 3611 decrevit
828 3544 1014 3611 consistere.
1062 3545 1103 3609 Et
1133 3564 1205 3609 cum
1235 3543 1426 3626 aliquandiu
1455 3543 1487 3610 iu
1518 3544 1621 3611 tribus
1650 3545 1776 3611 cellulis
1806 3565 1826 3608 a
1852 3563 1887 3610 se

252 3645 390 3714 conditis
419 3646 565 3712 certatim
595 3646 739 3713 divinum
771 3650 940 3734 explerent
968 3647 1127 3730 officium,
1161 3647 1401 3714 discedentibus
1425 3648 1566 3730 duobus,
1602 3649 1714 3715 labore
1737 3669 1888 3714 manuum

253 3770 385 3816 suarum
418 3769 476 3834 per
508 3749 760 3834 quinquennium
794 3771 898 3835 aquae
933 3759 1056 3818 tantum
1091 3752 1205 3837 poculo
1233 3759 1266 3817 et
1295 3751 1401 3818 sobrio
1431 3752 1552 3818 ibidem
1581 3758 1693 3838 pastus
1724 3758 1773 3817 est
1804 3751 1887 3817 cibo.

258 3854 320 3937 (22)
348 3853 429 3920 Cum
452 3860 561 3919 autem
584 3853 708 3920 aestivo
731 3861 875 3940 tempore
897 3863 1070 3940 proventus
1093 3854 1254 3921 fructuum
1277 3855 1410 3921 instaret
1433 3862 1464 3921 et
1487 3863 1632 3922 maturae
1652 3863 1780 3939 segetes
1795 3855 1889 3922 tritae

252 3957 376 4023 horreis
406 3956 537 4024 recondi
567 3956 736 4038 deberent,
772 3958 881 4024 subita
908 3959 993 4025 aeris
1021 3960 1134 4025 oboma
1156 3965 1332 4044 tempestas
1354 3959 1400 4024 ita
1423 3959 1579 4025 silvarum
1602 3958 1773 4042 frangebat
1795 3978 1890 4024 cacu-

200 4079 233 4119 ss
253 4061 342 4125 mina
364 4068 396 4127 et
411 4079 536 4128 messes
552 4061 715 4127 sternebat
729 4062 764 4127 in
779 4069 907 4146 terram,
935 4063 1017 4129 utin
1033 4069 1175 4146 stragem
1191 4063 1320 4147 penitus
1337 4062 1523 4129 viderentur
1537 4061 1652 4147 redigi.
1705 4065 1767 4146 (231
1795 4062 1891 4129 Com-

253 4171 358 4229 motus
382 4184 459 4249 ergo
482 4164 532 4230 vir
555 4163 608 4231 dei
629 4171 739 4232 tantam
754 4165 1026 4233 incommoditatis
1042 4166 1196 4252 periculo,
1224 4173 1335 4231 contra
1349 4165 1534 4232 huiusmodi
1550 4165 1651 4232 nimbi
1666 4172 1889 4252 tempestatem

253 4267 448 4333 caelestibus
477 4269 577 4334 armis
607 4267 806 4335 orationibus
836 4269 988 4336 videlicet
1017 4288 1052 4335 se
1082 4269 1261 4350 inarmans,
1296 4269 1402 4334 oleum
1434 4288 1546 4335 sacrae
1576 4269 1809 4336 benedictionis
1832 4271 1889 4336 ob-

132 4389 136 4399 ·
253 4389 378 4455 ponens
406 4391 468 4437 uon
499 4372 603 4437 solum
626 4371 753 4456 iulgcra
776 4379 808 4438 et
829 4373 969 4438 tonitrua
991 4377 1215 4456 tempestatem
1239 4370 1431 4438 concitantia
1453 4372 1529 4439 iecit
1552 4373 1779 4456 conquiescere
1803 4381 1835 4439 et
1856 4374 1889 4438 in

253 4473 422 4558 pristinam
453 4474 720 4557 tranquillitatem
751 4476 837 4542 aeris
866 4476 1107 4561 quassationem
1136 4475 1256 4554 redire,
1292 4475 1351 4542 sed
1380 4475 1513 4560 insuper
1541 4475 1692 4559 quicquid
1723 4478 1827 4544 cellae
1857 4477 1889 4542 in

344 4819 444 4870 ¹8-2b
464 4839 494 4862 =
521 4821 546 4870 V.
563 4822 632 4871 Aviti
651 4820 748 4871 Mitius.
770 4823 823 4884 111,
847 4825 878 4871 19
901 4821 963 4883 (ΛΑ,
985 4821 1030 4872 SS.
1055 4826 1094 4870 17.
1110 4823 1169 4871 Iun.
1192 4823 1243 4884 111,
1261 4837 1288 4884 p.
1305 4825 1375 4884 357).

343 4906 446 4957 21-29
464 4907 497 4954 od
516 4907 620 4956 baberet
638 4929 668 4950 =
694 4909 720 4957 V.
736 4909 805 4957 Actu
825 4910 838 4955 1
845 4908 870 4971 V,
893 4910 926 4958 23
949 4911 973 4970 ll.
994 4909 1011 4958 l.
1031 4923 1058 4969 p.
1073 4909 1144 4968 358),
1166 4911 1277 4971 sequitur
1294 4910 1392 4970 beatus,
1414 4908 1482 4970 infra
1499 4925 1525 4970 p.
1541 4911 1581 4968 77,
1604 4910 1621 4957 t.
1637 4911 1678 4959 tr.

341 5233 601 5296 thurgoudloneso
723 5234 937 5298 blnpcllatnsO
1043 5233 1098 5304 ille]
1118 5235 1205 5295 om.O
1324 5236 1476 5294 'ltotlusO
1595 5235 1626 5285 lo
1646 5237 1839 5300 praesentaliter
1859 5235 1890 5294 0¹

212 5369 214 5374 ,
258 5319 286 5369 11
308 5321 481 5383 bladimentis,
504 5319 574 5380 lasea
593 5319 746 5379 bladltllsQ
887 5320 918 5372 12
937 5322 1104 5386 opponereQ
1226 5323 1305 5382 cordis
1324 5323 1431 5372 frontem
1450 5321 1546 5380 clusQ
1688 5322 1719 5371 15
1738 5319 1891 5389 consumier]

254 5403 397 5464 tirmiterO
504 5405 535 5456 18
555 5405 714 5465 euscrmloQ
816 5408 847 5460 19
866 5409 1072 5468 sollicitudineO
1171 5407 1204 5458 20
1223 5410 1347 5473 recipiens
1362 5408 1400 5470 [Ol
1503 5407 1533 5458 21
1556 5405 1678 5476 bonitate]
1692 5408 1857 5468 uoluntateO

254 5506 314 5542 eum
334 5517 369 5528 -
389 5491 421 5541 23
441 5488 606 5559 alimentum]
623 5506 682 5542 eum
701 5494 784 5542 lutirnl
804 5497 894 5544 rmorls
913 5495 1037 5546 desiderio
1056 5498 1123 5559 cepit
1138 5495 1165 5544 V.
1177 5497 1245 5544 Auiti
1349 5493 1381 5544 tt
1401 5490 1552 5561 solitarium]
1569 5495 1654 5555 ormo
1761 5495 1793 5545 28
1812 5510 1891 5544 exuo-

255 5581 290 5627 tls
311 5577 353 5640 0¹,
373 5585 479 5628 exutum
499 5576 532 5637 0²
637 5593 739 5630 suorum
758 5582 943 5642 sanctorqu
1007 5567 1081 5632 'rs
1100 5577 1214 5648 sanctur]
1233 5583 1321 5632 beatus
1342 5581 1380 5644 101
1490 5579 1669 5641 concusso*
1777 5582 1808 5632 38
1828 5589 1892 5632 tem·

255 5671 398 5728 gestantem
418 5665 448 5725 0¹

1627 5770 1682 5822 lb*
