4344 6142
310 287 375 353 xx
1007 285 1237 342 ruoonurvu.

397 510 494 594 Atqui
517 517 552 576 ut
574 514 596 573 Α
621 509 667 576 ita
692 515 862 594 Pquoque
892 509 944 575 hic
972 509 1040 576 illio
1066 510 1283 595 interpolandi
1310 511 1437 578 libidini
1459 509 1605 576 indulsit.
1654 512 1709 594 VI,
1738 516 1788 591 10,
1816 516 1857 575 57
1880 514 1940 595 topi

311 636 402 696 cliuum
424 635 532 696 ordros
555 635 653 695 alieno
676 635 795 695 nominc
817 651 926 696 versus
948 651 1005 716 pro
1028 635 1127 696 alieno
1150 630 1280 715 scripsit
1301 652 1390 698 verso
1413 635 1494 726 tergm
1518 631 1606 712 VIII,
1635 635 1664 715 1,
1691 636 1709 698 8
1733 642 1858 696 sauctus
1880 651 1939 716 pro

314 755 471 829 Glrristus;
495 751 552 832 XI,
576 755 624 832 12,
645 755 663 816 3
686 755 803 816 cunctis
825 754 888 816 iam
910 771 967 835 pro
990 761 1167 816 cunctorum
1185 755 1322 836 percipis
1344 772 1429 817 escas
1456 751 1616 836 (agnoscis
1637 749 1801 834 quandam
1824 750 1937 818 cunrA

310 874 343 938 in
365 873 489 938 ratione
510 871 726 957 interpolandi
747 870 973 956 adfinitatem).
1013 871 1124 940 eodem
1148 871 1253 939 redire
1275 871 1403 939 videtur
1425 870 1511 954 quod
1533 872 1589 954 IV,
1616 875 1669 955 27,
1696 878 1715 937 5
1737 878 1823 939 recte
1844 873 1940 938 resti-

312 1000 414 1060 tutum
438 999 488 1059 est
509 1002 612 1056 terroe
634 1003 720 1056 terre
742 995 865 1071 redit,
891 1011 963 1058 cum
977 992 1011 1058 in
1026 996 1103 1056 BLR
1118 994 1235 1070 tuerer,
1259 992 1293 1058 in
1315 993 1447 1076 reliquis
1470 992 1582 1058 mutile
1605 993 1732 1078 legatur
1752 996 1826 1057 edit.
1863 1013 1940 1060 corr-

313 1121 363 1181 tra
384 1114 418 1180 iu
436 1117 459 1177 C
482 1112 537 1178 ubi
551 1113 631 1179 talia
646 1118 757 1179 extare
771 1112 930 1195 videntur,
955 1134 1019 1179 nou
1034 1113 1167 1180 consilio
1182 1120 1358 1180 evenerunt
1372 1113 1431 1180 sed
1446 1113 1602 1179 socordia.
1643 1113 1684 1179 cl.
1704 1114 1792 1196 VIII,
1812 1116 1843 1196 3,
1862 1117 1936 1179 204.

312 1239 372 1299 aru
403 1233 453 1317 (of.
480 1235 569 1318 aas).
596 1237 668 1298 aro.
696 1236 769 1298 aee.
808 1234 868 1315 rx,
894 1235 925 1317 3,
955 1238 1005 1300 11.

397 1356 482 1438 Ergo
511 1352 779 1420 recensendorum
810 1355 985 1422 carminum
1013 1353 1257 1420 fundamentum
1287 1360 1337 1419 est
1365 1353 1510 1420 codicum
1534 1353 1613 1418 AGP
1638 1362 1672 1421 et
1694 1361 1728 1421 M
1753 1373 1939 1422 consensus.

312 1475 453 1544 omnium
475 1495 550 1541 vero
572 1474 689 1558 quibus
711 1474 829 1540 utimur
850 1475 988 1560 optimus
1010 1481 1061 1541 est
1084 1478 1115 1538 C.

399 1596 488 1662 Haeo
510 1602 597 1661 recte
619 1593 783 1678 disputata
805 1615 878 1661 esse
901 1602 987 1662 certa
1010 1595 1132 1661 ratione
1154 1595 1320 1662 confirmat
1342 1600 1381 1659 Σ.
1428 1596 1540 1680 paucis
1564 1595 1688 1662 scilicet
1710 1597 1799 1678 loeis,
1826 1595 1942 1680 quibus

311 1716 403 1789 illum
427 1715 582 1781 arbitrum
604 1714 762 1782 advocare
784 1714 869 1797 lieet,
897 1716 1043 1782 codicum
1064 1735 1144 1800 quos
1166 1715 1304 1801 optimos
1327 1735 1399 1782 esse
1422 1715 1640 1787 intelleximus
1660 1716 1788 1783 lectioni
1803 1716 1940 1782 aceedit.

314 1836 402 1919 VIII,
432 1841 460 1918 1,
490 1841 527 1900 17
547 1838 738 1919 perfundens
761 1847 886 1901 cunctus
908 1841 972 1900 vrbe
994 1839 1067 1901 solis
1089 1841 1242 1900 romine
1265 1846 1366 1901 terras
1389 1857 1460 1902 cum
1484 1835 1568 1900 dGll
1590 1842 1727 1903 testatur
1748 1842 1786 1917 Σ,
1811 1837 1845 1902 in
1867 1837 1943 1903 reli-

313 1956 386 2039 quis
413 1956 609 2041 interpolata
637 1956 759 2022 obtinet
787 1956 944 2042 scriptura
970 1960 1092 2022 lumine.
1126 1995 1168 2004 -
1196 1956 1275 2023 ibid.
1310 1960 1350 2021 64
1382 1959 1552 2042 iudicioque
1582 1959 1633 2020 dci
1659 1960 1941 2042 plurificondo

250 2067 258 2080 ’
314 2087 437 2142 mouent
459 2080 517 2157 AG,
542 2080 710 2161 glorificato
731 2077 817 2160 rell,
842 2080 1028 2162 glorificante
1050 2083 1092 2160 Σ,
1125 2077 1167 2145 cf.
1194 2082 1224 2158 4,
1252 2079 1292 2142 28
1315 2081 1446 2162 virginis
1468 2081 1628 2162 integritus
1650 2080 1852 2163 plurificondo
1874 2099 1943 2141 mo-

315 2209 375 2262 uet.
401 2235 442 2244 -
465 2198 522 2278 XI,
543 2201 595 2280 25,
615 2201 656 2262 20
679 2197 847 2280 legebatur
867 2198 991 2281 simibus
1012 2200 1226 2263 horrendis
1249 2202 1330 2263 luzaco
1350 2199 1501 2281 fremebat
1521 2200 1634 2277 bieors;
1658 2199 1773 2265 hocin
1789 2203 1939 2279 MDGBL,

314 2319 371 2386 sed
394 2319 427 2384 irr
449 2324 474 2382 11
496 2319 675 2401 horriferis,
710 2318 744 2384 in
769 2320 997 2401 Florrr'souis,
1030 2320 1063 2385 iu
1087 2318 1111 2383 l
1136 2325 1299 2404 comparet
1320 2321 1484 2402 horrificis,
1517 2317 1552 2384 id
1581 2318 1668 2402 quod
1698 2339 1856 2386 consensu
1885 2339 1943 2385 suo

314 2446 406 2505 extra
434 2438 667 2505 dubitationem
697 2438 787 2524 ponit
808 2444 847 2504 Σ.
880 2477 923 2486 -
951 2438 1031 2505 ibid.
1056 2461 1088 2505 v.
1117 2443 1155 2505 13
1179 2463 1236 2524 quo
1258 2444 1365 2525 procis
1388 2439 1563 2504 incumbens
1585 2440 1726 2523 Aquilo
1751 2441 1944 2504 subverterat

315 2558 474 2624 omremd
498 2580 569 2626 cum
585 2565 621 2642 Σ,
647 2559 765 2644 reliqui
787 2566 934 2644 corrupte
958 2560 1070 2644 legunt
1092 2564 1195 2644 ulr'quo
1222 2560 1292 2643 (boc
1308 2580 1436 2626 carmen
1451 2579 1553 2643 usque
1568 2557 1611 2623 ad
1626 2578 1656 2622 v.
1678 2561 1717 2624 25
1734 2560 1827 2626 deest
1840 2559 1874 2625 in
1891 2565 1939 2644 G).

401 2680 450 2746 De
473 2681 588 2746 ceteris
611 2680 703 2746 libris
725 2701 829 2766 pauca
851 2680 1087 2746 adnotabimus.
1134 2688 1230 2765 atque
1260 2681 1403 2748 codicem
1426 2685 1460 2746 M
1487 2679 1706 2745 intelleximus
1728 2680 1858 2763 quidem
1880 2701 1944 2747 nou

314 2822 415 2887 parvo
436 2801 607 2867 intervallo
629 2801 670 2867 ab
693 2801 882 2886 optimorum
903 2801 1088 2885 integritate
1111 2808 1266 2867 remotum
1289 2821 1372 2885 esse,
1399 2801 1458 2867 sed
1479 2799 1572 2867 varia
1593 2799 1731 2866 lectione
1746 2821 1764 2867 e
1780 2800 1944 2867 codicibus

315 2922 495 3008 exemplari
517 2921 681 3006 adscripta
703 2928 735 2988 et
757 2923 958 3007 corruptione
980 2923 1148 3006 gliscente,
1177 2942 1243 2988 non
1263 2921 1501 3008 interpolatoris
1524 2941 1632 3006 opera.
1680 2921 1809 3003 qualem
1831 2921 1866 2986 in
1888 2925 1943 2984 DG

315 3049 400 3109 certe
422 3042 639 3126 agnoscimus.
686 3063 794 3108 eorum
818 3042 941 3108 scilicet
962 3043 1139 3127 archetypo
1162 3043 1210 3107 vir
1232 3041 1345 3108 doctus
1360 3042 1482 3107 variam
1498 3041 1667 3108 lectionem
1682 3040 1856 3125 adscripsit
1869 3061 1945 3126 par-

316 3164 382 3229 tim
402 3163 475 3230 aliis
504 3162 597 3228 libris
626 3163 741 3247 partim
771 3163 875 3248 ipsius
903 3163 1033 3247 ingenio
1061 3169 1170 3228 natam
1200 3170 1232 3229 ct
1257 3182 1356 3248 saepe
1378 3161 1475 3228 laude
1498 3162 1640 3246 dignam.
1688 3183 1784 3246 quam
1808 3160 1944 3228 subinde

314 3290 448 3368 uterque
470 3283 601 3368 recepit,
629 3290 664 3348 ut
685 3303 713 3349 e.
740 3304 772 3367 g.
819 3284 877 3366 IX,
901 3288 950 3368 16,
970 3287 989 3348 9
1013 3294 1044 3348 to
1066 3293 1236 3349 tutorem
1258 3287 1315 3348 olii
1336 3287 1574 3369 nutritoremque
1594 3286 1734 3367 fatentur
1757 3287 1811 3347 DG
1834 3303 1945 3349 euren-

314 3404 389 3470 date
412 3404 578 3488 praebent,
604 3402 663 3470 sed
686 3411 772 3470 certe
795 3425 835 3470 ex
858 3415 885 3469 tc
907 3415 1094 3490 tutoremque
1115 3405 1297 3472 coniectura
1318 3405 1499 3472 restitutum
1526 3404 1584 3487 (sio
1598 3405 1685 3488 lo),
1711 3424 1787 3470 nam
1810 3406 1948 3468 MBLRF

315 3525 529 3594 coniecturam
560 3531 593 3590 et
619 3524 682 3609 ipsi
711 3525 868 3610 praebent
895 3525 1010 3591 eadem
1039 3524 1197 3610 scriptura
1225 3525 1335 3590 nixam
1367 3524 1425 3590 sed
1455 3544 1641 3610 perversam
1670 3534 1865 3608 tutoremque.
1900 3561 1944 3571 —

315 3646 356 3726 X,
384 3649 413 3724 6,
441 3649 460 3710 9
490 3654 613 3710 sanctus
636 3649 705 3709 item
727 3648 842 3710 domiui
862 3649 977 3709 olorum
999 3648 1071 3709 dam
1094 3647 1278 3710 benediceret
1301 3649 1414 3710 altor
1442 3645 1476 3710 in
1499 3644 1560 3709 ΛΜ
1586 3644 1721 3727 legitur,
1755 3642 1814 3709 sed
1844 3648 1944 3708 ultore

314 3766 349 3832 iu
373 3769 489 3845 CBLR,
519 3765 605 3848 quod
628 3786 698 3831 oum
722 3773 821 3832 metro
844 3768 958 3832 obesse
969 3767 1188 3852 *interpolator
1210 3785 1308 3849 aegre
1331 3765 1444 3849 ferret,
1472 3765 1635 3830 substituit
1657 3785 1747 3827 arum
1769 3771 1805 3830 ut
1826 3764 1945 3848 legitur

314 3887 348 3952 in
370 3891 436 3954 DG.
483 3906 582 3971 saepe
612 3887 695 3952 altor
723 3886 907 3971 pristinam,
940 3887 1023 3952 alter
1052 3887 1212 3953 novellam
1243 3886 1430 3971 scripturam
1456 3885 1593 3970 recepit,
1626 3885 1716 3952 illius
1738 3885 1879 3951 tenacior
1901 3890 1938 3967 D,

315 4027 469 4073 novarum
492 4027 596 4072 rerum
620 4007 763 4091 cupidior
781 4011 816 4087 G,
842 4007 897 4089 qui
920 4008 1016 4072 etiam
1040 4006 1175 4092 propriis
1189 4006 1364 4073 indulsisse
1379 4007 1505 4073 videtur
1521 4005 1722 4072 coniecturis.
1762 4004 1945 4089 frequenter

315 4134 422 4202 autem
445 4127 479 4192 iu
504 4130 528 4190 G
551 4127 642 4192 varia
664 4127 821 4211 scriptura
843 4129 968 4211 vulgari
990 4128 1023 4193 irr
1039 4127 1190 4210 margine
1212 4126 1339 4192 adiecta
1361 4134 1425 4209 est,
1463 4134 1519 4193 aut
1546 4127 1650 4212 prima
1679 4147 1777 4190 manu
1807 4132 1863 4192 unt
1891 4145 1945 4192 se-

317 4247 423 4316 cunda
445 4247 585 4329 aequali.
633 4268 675 4312 ex
704 4247 817 4313 eodem
846 4248 1020 4333 archetypo
1046 4248 1203 4330 originem
1233 4246 1322 4313 ducit
1342 4252 1371 4328 V,
1405 4268 1468 4331 quo
1496 4254 1619 4313 tantum
1643 4247 1686 4312 ad
1708 4247 1944 4313 discutiendam

319 4368 472 4434 librorum
495 4373 522 4430 D
545 4374 578 4432 et
602 4372 626 4430 G
649 4369 746 4433 fidem
769 4368 815 4433 ita
836 4368 887 4434 usi
910 4387 1038 4451 sumus,
1072 4375 1108 4433 ut
1130 4375 1186 4433 aut
1215 4369 1318 4452 ipsius
1348 4374 1420 4449 aut,
1454 4368 1510 4434 ubi
1540 4367 1653 4433 notitia
1682 4367 1752 4432 eius
1781 4366 1941 4452 deficeret,

317 4488 467 4556 editionis
489 4489 632 4554 Venetae
663 4489 832 4554 lectionem
861 4488 1061 4554 adferremus
1092 4489 1283 4571 ubicumque
1305 4495 1333 4552 1)
1355 4493 1387 4554 ct
1411 4493 1437 4553 G
1459 4488 1542 4554 inter
1564 4507 1598 4553 se
1622 4487 1852 4573 discreparent.
1900 4489 1941 4554 of.

317 4611 353 4692 V,
378 4615 426 4692 14,
447 4615 466 4674 7
489 4608 544 4674 ubi
566 4611 667 4692 sciscit
689 4629 728 4674 ex
752 4608 936 4674 coniectura
958 4611 1142 4695 suppletum
1165 4611 1199 4675 iu
1214 4613 1285 4673 DG²
1306 4631 1378 4676 cum
1401 4614 1478 4673 BLll
1501 4616 1675 4694 comparet,
1701 4609 1849 4673 lacunam
1872 4629 1943 4674 cum

318 4731 404 4795 ΛΟΜ
423 4735 554 4796 servent
570 4733 649 4793 GV1.
676 4765 718 4776 -
740 4729 796 4811 IV,
818 4733 846 4811 1,
869 4733 907 4793 15
929 4749 1001 4794 oum
1025 4730 1152 4815 optimis
1171 4736 1198 4793 D
1221 4749 1348 4796 versum
1372 4730 1518 4795 mutilum
1542 4730 1674 4795 exbibet
1695 4733 1725 4793 si
1745 4731 1783 4792 ab
1806 4735 1944 4793 caetcrur's

314 4856 492 4935 properauit
515 4853 635 4914 sedibus
657 4853 775 4933 hospes,
801 4851 985 4934 suppletum
1009 4855 1120 4934 siquis
1136 4854 1174 4914 ab
1192 4849 1303 4916 G'cum
1327 4856 1409 4914 lictu:
1435 4851 1536 4935 proba
1559 4850 1741 4916 coniectura
1768 4851 1836 4932 (uec
1858 4850 1945 4913 mala

318 4979 367 5038 est
387 4993 484 5055 quam
507 4971 612 5056 priore
635 4972 704 5036 loeo
725 4969 898 5054 tetigimus)
926 4977 959 5036 et
980 4971 1153 5036 admodum
1177 4972 1343 5037 dissimilis
1366 4972 1522 5037 audaciae
1544 4971 1577 5036 iu
1593 4975 1698 5034 BLRF
1718 4971 1801 5036 hunc
1816 4990 1944 5034 versum

317 5099 530 5159 commentae:
558 5096 587 5156 si
608 5103 756 5156 coeternus
776 5095 914 5174 propriis
934 5097 1113 5174 properavit
1135 5095 1256 5156 sedibus
1279 5096 1366 5156 soced.
1414 5091 1455 5157 os.
1476 5091 1518 5174 ΙΙ,
1542 5093 1671 5175 11,13;
1701 5095 1750 5172 14,
1772 5095 1802 5154 7.
1825 5093 1861 5153 17
1878 5097 1940 5156 etc.

403 5213 539 5279 Omnino
554 5217 609 5276 1111
631 5213 665 5278 in
687 5212 923 5278 obscurioribus
945 5212 1024 5279 locis
1047 5213 1134 5279 baud
1157 5233 1227 5278 raro
1250 5233 1321 5278 eum
1344 5213 1472 5298 optimis
1496 5219 1606 5279 contra
1626 5213 1836 5296 interpolatos
1854 5211 1942 5277 facit.

317 5336 406 5400 cuius
430 5334 476 5400 rei
498 5354 596 5397 unum
619 5333 725 5399 adbuc
748 5334 930 5418 exemplum
946 5333 1108 5418 adponere
1123 5335 1213 5399 iuvat
1228 5335 1282 5416 VI,
1302 5338 1332 5416 8,
1352 5338 1404 5398 47.
1445 5341 1589 5420 corrupto
1605 5333 1637 5399 irr
1653 5333 1792 5396 AGMDG
1808 5332 1940 5415 legitur:

318 5459 436 5520 addidit
458 5466 485 5540 et
507 5476 629 5519 comcs
653 5479 668 5518 o
692 5457 766 5518 mebi
785 5458 896 5538 poculo
918 5465 1026 5538 protus
1050 5462 1185 5535 coricus,
1215 5454 1302 5537 quod
1323 5455 1370 5520 ita
1392 5454 1563 5520 emendare
1587 5453 1650 5519 sibi
1673 5453 1735 5518 visi
1758 5460 1833 5518 sunt
1855 5458 1940 5533 aaa,

317 5585 351 5644 ut
373 5577 554 5643 omitterent
576 5601 603 5640 o.
643 5597 753 5642 verum
777 5575 873 5641 facile
896 5576 1093 5658 intellegitur
1115 5575 1262 5642 comitem
1286 5596 1349 5640 non
1371 5596 1392 5641 a
1413 5582 1509 5660 poeta
1523 5576 1584 5640 hoo
1601 5595 1694 5640 versu
1712 5580 1939 5658 nuncupatum,
