4456 6202
374 337 450 403 XIV
1073 333 1303 391 Pavovvlvu.

417 571 445 624 et
471 564 525 645 qui
549 563 671 646 quaerit
697 563 812 624 invenit
837 570 865 624 et
887 561 1031 643 pulsanti
1056 559 1223 642 operietur.
1273 561 1331 623 Otii
1355 579 1425 644 eqer
1451 561 1624 643 respondit:
1658 563 1788 643 Vtinam,
1820 561 2010 624 honorabilis

416 674 518 748 paler,
550 667 679 730 salutem
709 667 851 748 consequi
880 684 1013 728 merear.
1061 668 1130 746 lpse
1155 685 1228 728 uero
1257 665 1395 729 addidit:
1425 662 1619 729 Adiutorium
1646 685 1704 749 quo
1732 669 1763 728 in
1790 670 2011 730 monasterium

417 769 586 851 deporteris
609 772 741 854 require,
766 779 795 833 et
816 787 884 832 anm
906 768 1000 830 borae
1023 771 1136 831 terciae
1158 771 1281 852 siqnum
1303 771 1477 848 intonuerit,
1500 788 1629 851 presens
1653 772 1764 834 assiste
1779 771 1925 854 munique
1940 790 2010 834 aem

413 873 528 954 fiducia
554 873 720 956 deprecare
746 881 774 935 et
802 872 841 934 ab
869 871 926 934 bac
952 890 1013 953 qua
1039 872 1184 934 detineris
1210 872 1372 936 sanaberis
1401 874 1587 954 infirmitate.
1635 869 1834 936 Advenienles
1863 876 1944 938 enim
1974 895 2013 938 ea

417 978 488 1058 ipsa
514 976 592 1040 lora
617 977 746 1060 qloriosi
769 975 940 1040 sacerdotes
970 975 1097 1055 Christi,
1129 975 1236 1039 beatus
1262 976 1400 1040 videlicet
1427 973 1555 1040 Albinus
1582 985 1671 1060 atque
1697 978 1826 1040 domnus
1853 981 2012 1043 Martinus

421 1083 604 1144 Turonensis
628 1081 832 1163 archipresul,
859 1079 938 1142 lanc
960 1081 1135 1163 inpressuri
1156 1089 1226 1143 sunl
1250 1079 1418 1162 basilicam,
1445 1080 1579 1164 dataque
1599 1080 1652 1144 loc
1668 1081 1700 1143 in
1716 1082 1777 1144 loco
1793 1081 2008 1163 benedmione,

417 1186 458 1248 ad
487 1186 704 1249 solemnitatem
727 1183 940 1246 translationis
963 1192 992 1246 et
1012 1184 1217 1247 ordinationis
1240 1185 1373 1247 eiusdem
1396 1184 1478 1247 beati
1498 1187 1631 1249 Martini
1651 1187 1744 1248 simul
1771 1188 1899 1249 Turonis
1923 1205 2012 1250 acce-

417 1289 489 1351 dere
511 1289 626 1352 debent.
671 1291 714 1350 Tu
738 1307 808 1370 erqo
831 1295 948 1350 tantum
971 1287 1070 1366 crede,
1097 1296 1125 1350 ct
1147 1290 1178 1350 in
1202 1307 1306 1349 eorum
1329 1288 1463 1350 adventu
1486 1291 1516 1350 si
1530 1306 1659 1369 presens
1671 1288 1784 1370 fueris,
1810 1291 1916 1352 salvus
1931 1293 2008 1352 eris.

418 1393 661 1477 Eaperqefactus
689 1399 789 1455 ouum
817 1390 923 1454 debilis
950 1392 1017 1452 sine
1044 1409 1132 1452 moro
1159 1409 1191 1454 se
1214 1392 1256 1453 ad
1279 1391 1412 1454 tumbam
1434 1391 1634 1474 deferrique
1655 1390 1915 1476 sacraloondito
1938 1403 2013 1457 sunl

417 1497 552 1560 membra
570 1495 743 1579 festinavit.
779 1495 894 1558 Deinde
916 1495 988 1557 dum
1010 1494 1087 1557 bora
1110 1497 1206 1558 tercia
1228 1496 1353 1558 divinas
1376 1497 1481 1560 clerici
1501 1502 1646 1558 canerent
1669 1495 1785 1576 laudes,
1812 1499 1887 1560 miri
1907 1497 2012 1560 odoris

413 1600 588 1684 fraqlantia
613 1602 715 1662 omnia
742 1599 989 1681 supereoecellens
1018 1606 1160 1661 aromata
1183 1618 1242 1680 per
1270 1607 1362 1662 totum
1381 1601 1530 1681 populum
1552 1601 1659 1681 quiin
1683 1601 1809 1664 ecclesia
1833 1601 1943 1664 adual
1967 1610 2014 1664 est

415 1723 572 1786 respersa.
613 1707 682 1781 (lua
704 1705 856 1766 suavitate
878 1703 1011 1784 repletus
1036 1705 1079 1765 ita
1102 1721 1134 1764 se
1157 1703 1336 1765 incolumem
1358 1704 1453 1766 sensit
1475 1704 1651 1788 lanquidus,
1678 1724 1714 1766 ac
1733 1708 1762 1767 si
1775 1705 1863 1766 nulla
1879 1705 2013 1786 infirmi-
2061 1697 2066 1702 ’

417 1814 476 1870 late
494 1806 607 1890 fuisset
629 1807 775 1887 detentus,
801 1814 829 1868 el
851 1808 905 1888 qui
925 1807 1036 1868 alienis
1058 1805 1199 1869 manibus
1221 1807 1316 1889 paulo
1340 1816 1410 1870 ante
1432 1806 1474 1869 ad
1496 1809 1597 1870 sancti
1618 1807 1800 1891 confessoris
1815 1809 2012 1890 sepulchrum

413 1911 522 1993 suerat
550 1911 742 1992 deportatus,
773 1912 912 1991 propriis
941 1911 1085 1991 protinus
1115 1909 1261 1994 prodiens
1286 1909 1416 1992 pedibus
1443 1909 1559 1974 debitas
1586 1930 1655 1974 cum
1682 1914 1765 1974 omni
1786 1913 1900 1994 populo
1930 1913 2012 1975 almo

413 2015 536 2096 presuli
557 2010 709 2077 ALBINO
737 2015 877 2095 rependit
900 2014 1018 2076 laudes.
1066 2015 1128 2076 Hoc
1150 2034 1210 2076 non
1233 2033 1253 2076 a
1273 2016 1386 2096 paucis
1408 2015 1462 2078 sed
1484 2017 1584 2078 visum
1607 2036 1628 2077 a
1649 2017 1754 2080 multis
1777 2024 1839 2080 tota
1860 2018 1943 2100 reqio
1967 2025 2013 2079 te-

416 2126 518 2181 stotur
540 2114 777 2182 Andecavensis.

503 2225 569 2284 Non
597 2223 648 2285 ille
675 2223 795 2304 quidem
823 2222 1007 2284 solummodo
1035 2223 1118 2284 locus
1145 2241 1203 2305 quo
1230 2224 1317 2284 socri
1342 2223 1478 2304 corporis
1507 2221 1588 2286 beati
1608 2220 1712 2287 Albini
1737 2225 1887 2307 reliquiae
1913 2227 2013 2286 conti·

415 2334 528 2388 nentur
555 2325 671 2389 crebris
695 2327 872 2389 illustratur
894 2327 1070 2404 miraculis,
1101 2345 1208 2388 verum
1231 2327 1322 2388 etiam
1344 2325 1515 2408 ubicunque
1538 2329 1604 2390 eius
1626 2346 1734 2389 nomen
1757 2347 1825 2390 cum
1843 2329 1903 2410 fide
1925 2336 2013 2390 reela

416 2431 588 2493 invocatum
614 2428 726 2512 fuerit,
763 2438 909 2511 operante
938 2429 1055 2492 Gluislo
1080 2449 1138 2510 pro
1166 2428 1349 2510 confessoris
1378 2431 1429 2492 sui
1454 2432 1585 2510 meritis,
1624 2431 1704 2515 qnod
1726 2432 1830 2512 fideles
1854 2432 2014 2512 postulant

415 2535 590 2616 impetrant,
615 2539 650 2596 ut
671 2535 809 2596 veritatis
832 2533 981 2596 sententia
1005 2533 1179 2614 impleatur,
1206 2553 1263 2617 qne
1285 2534 1374 2596 dicit:
1401 2533 1533 2616 Pater20]
1554 2553 1637 2596 meus
1652 2553 1747 2617 usque
1762 2533 1847 2597 modo
1863 2543 2014 2617 operatur

416 2643 445 2697 et
466 2655 516 2719 eqo
539 2655 658 2717 operor.
693 2633 698 2720 )
732 2639 769 2699 Et
791 2638 920 2699 iterum:
951 2637 1098 2719 Opora21)
1126 2656 1205 2720 quae
1226 2656 1277 2720 eqo
1297 2634 1380 2717 focio
1403 2645 1430 2699 et
1453 2639 1514 2719 ipsi
1534 2640 1589 2720 qui
1610 2640 1641 2700 in
1663 2657 1710 2701 me
1733 2637 1861 2700 credunt
1879 2637 2009 2719 sacrem.

417 2741 495 2802 Nam
518 2740 603 2822 apud
625 2741 817 2803 croviensem
839 2741 940 2804 vnum
963 2740 1114 2823 quaedam
1136 2741 1248 2803 mulier
1271 2741 1382 2822 eoctitit,
1409 2759 1503 2823 quam
1526 2761 1547 2802 a
1568 2744 1728 2805 nativitate
1750 2761 1872 2804 caecam
1894 2749 2014 2806 natura

416 2841 591 2924 disponente
613 2845 666 2906 deo
689 2845 722 2906 in
744 2844 823 2906 lanc
844 2846 939 2906 vitam
958 2843 1153 2925 profuderat.
1194 2845 1280 2919 (luae
1302 2865 1322 2905 a
1345 2845 1449 2907 multis
1472 2845 1611 2926 audiens,
1639 2846 1718 2928 quod
1741 2848 1840 2910 sancti
1858 2847 2014 2927 pontificis

415 2947 527 3010 virtute
549 2949 664 3030 leprosi
685 2948 928 3028 mundarentur,
961 2955 1154 3010 sanarentur
1173 2948 1355 3029 paralytici,
1386 2950 1488 3010 visum
1511 2957 1733 3030 recuperarent
1754 2951 1850 3030 caeci,
1879 2950 2016 3031 plurimi

417 3070 437 3112 a
464 3053 528 3113 vita
554 3052 710 3133 desperati
736 3053 850 3132 infirmi
871 3051 910 3113 ab
933 3053 1024 3133 ipsis,
1056 3060 1090 3114 ut
1112 3053 1156 3114 ila
1178 3052 1293 3132 dicam,
1325 3055 1432 3115 mortis
1451 3051 1596 3135 faucibus
1619 3055 1716 3134 erepti
1738 3062 1837 3116 essent
1858 3061 1947 3135 atque
1970 3053 2015 3114 ad

416 3156 511 3225 vitam
529 3155 652 3236 redditi,
677 3165 760 3218 nocte
780 3176 816 3219 ac
835 3155 883 3218 die
903 3158 972 3219 totis
992 3155 1094 3219 cordis
1114 3156 1255 3218 medullis
1276 3164 1415 3218 sanctum
1431 3155 1618 3236 fiducialiter
1640 3155 1799 3220 invocabat
1813 3153 2010 3236 ALBINVM,

416 3265 450 3320 ul
471 3277 546 3322 suae
568 3261 710 3322 miseriae
732 3268 890 3323 assuetum
913 3259 1064 3342 conferret
1086 3261 1243 3322 auoeilium
1266 3267 1294 3322 el
1315 3260 1396 3322 caeli
1416 3260 1521 3322 videre
1536 3260 1709 3323 concederet
1724 3261 1825 3323 lumen
1840 3279 1898 3322 suo
1915 3262 2016 3322 inter-

417 3363 549 3425 cessione
571 3371 689 3446 soncta,
716 3361 794 3445 qnod
816 3362 875 3426 sibi
896 3363 1101 3446 deneqaverat
1121 3371 1249 3426 natura.
1290 3364 1351 3424 Nec
1373 3383 1393 3424 a
1405 3381 1531 3444 precum
1547 3365 1677 3427 cessavit
1691 3363 1891 3445 improbitate,
1919 3363 2015 3425 donec

416 3467 594 3548 impetraret
623 3467 702 3550 quod
720 3467 840 3549 petebat
861 3485 882 3528 a
904 3475 1007 3530 sancto
1030 3463 1212 3547 consessore.
1260 3468 1370 3529 Eodem
1391 3486 1521 3549 namque
1544 3467 1593 3529 die
1615 3486 1671 3548 quo
1694 3475 1825 3531 sanatus
1848 3475 1891 3529 est
1910 3486 2015 3549 para-

417 3571 536 3653 lyticus,
563 3571 600 3634 de
622 3590 679 3654 qno
702 3591 801 3654 supra
823 3571 973 3652 divinius,
1000 3573 1031 3633 in
1055 3573 1238 3634 monasterio
1260 3571 1437 3634 illuminata
1460 3578 1504 3635 est
1527 3578 1555 3633 et
1574 3570 1648 3634 boec
1662 3572 1774 3633 mulier
1790 3574 1821 3633 in
1836 3573 1902 3633 vico
1915 3590 2015 3652 prae-

418 3673 508 3757 dicto,
532 3682 711 3757 praestante
733 3675 852 3738 domino
875 3683 978 3738 nostro
1002 3677 1072 3738 Iesu
1097 3674 1230 3756 Christo,
1257 3676 1311 3756 qui
1331 3677 1408 3737 vivit
1429 3683 1457 3738 el
1479 3682 1589 3760 requat
1610 3674 1684 3738 deus
1706 3694 1763 3756 per
1785 3676 1886 3737 oninia
1908 3675 2015 3737 secula

416 3780 600 3842 seculorum.
647 3775 753 3842 Amen.

461 3930 612 4014 Sequitur
627 3931 850 3998 Miracdorum
868 3952 977 3998 eorum
993 3952 1076 4015 queo
1091 3930 1297 3997 Bollandiani
1325 3933 1383 3998 ‘ox
1399 3931 1466 3996 MS.
1485 3931 1613 3999 Nicolci
1628 3932 1792 3999 Belfortii’
1812 3932 1845 3999 in
1860 3929 1930 3998 As.
1948 3933 2011 3999 SS.

374 4049 468 4117 Mart.
493 4051 520 4133 I,
547 4056 588 4117 60
612 4051 782 4120 ediderunt
809 4052 987 4139 ooput122)
1027 4053 1073 4135 (In
1097 4055 1250 4116 territorio
1274 4054 1369 4136 iqilur
1390 4089 1432 4099 -—
1456 4056 1598 4116 semiusto
1620 4055 1727 4138 pede),
1761 4053 1812 4120 vui
1843 4053 1958 4140 capitis
1981 4055 2014 4120 11

374 4171 502 4237 initium
524 4170 591 4239 ulia
612 4193 709 4239 manu
731 4192 818 4241 saco.
845 4172 877 4238 X
900 4173 1078 4240 subiectum
1100 4178 1165 4239 cot:

509 4327 629 4413 (dumi
649 4331 770 4393 videtur
789 4331 902 4414 papiae
925 4330 1120 4393 inserendum
1143 4330 1294 4412 quoddam
1318 4331 1527 4393 clarissimum
1550 4331 1745 4411 miraculum,
1772 4330 1851 4411 quod
1872 4331 1914 4393 ad
1932 4331 2017 4395 beati

416 4436 566 4516 pontificis
595 4436 784 4497 mausoleum
814 4437 846 4496 in
873 4433 927 4497 boe
949 4442 1051 4497 nostro
1075 4441 1207 4515 tempore
1228 4441 1344 4497 constal
1367 4453 1432 4496 esse
1451 4442 1622 4516 patratum.
1671 4437 1707 4496 Et
1726 4434 1871 4515 precipue
1891 4434 2014 4516 suturis

285 4555 303 4598 r.
318 4549 363 4597 ror
420 4539 522 4600 estimo
547 4538 689 4617 fidelibus
708 4535 713 4622 )
733 4540 846 4620 scripto
873 4536 1119 4620 propalandum,
1153 4539 1228 4619 quia
1247 4537 1440 4619 presentibus
1463 4539 1533 4599 visu
1555 4539 1615 4600 scio
1639 4540 1839 4600 notissimum.
1889 4541 1924 4600 lit
1948 4541 2015 4600 ideo

419 4661 547 4724 quorum
575 4641 629 4704 live
654 4642 732 4725 quod
754 4651 946 4705 narraturus
969 4660 1037 4705 sum
1060 4640 1218 4704 didicerim
1243 4641 1390 4704 relatione
1412 4660 1473 4702 non
1495 4659 1677 4725 maqnopere
1699 4643 1813 4704 curavi
1832 4644 2015 4707 nominatim

419 4746 605 4828 depromere,
632 4748 705 4828 quia
727 4765 827 4810 omnes
849 4737 1091 4810 Andecavenses.

376 4899 457 4966 Cum
479 4907 586 4967 autom
610 4899 760 4966 librarius
781 4899 945 4987 inceptam
966 4919 1030 4965 non
1052 4899 1231 4985 perfecerit,
1259 4898 1448 4984 particulam
1464 4898 1615 4984 scriptam
1630 4899 1696 4964 alia
1711 4914 1825 4963 manua
1841 4901 2014 4983 expunxit.

376 5020 473 5086 Liber
501 5019 557 5104 qui
585 5021 619 5086 in
648 5020 722 5106 ipsa
743 5019 975 5104 andegavensi
1005 5020 1083 5086 urbe
1113 5020 1251 5105 scriptus
1281 5018 1408 5085 videtur
1434 5039 1507 5085 esse
1529 5018 1575 5086 itu
1598 5037 1694 5105 saper
1715 5017 1855 5100 reliquos
1879 5018 2015 5102 eminet,

376 5148 411 5207 ut
433 5141 527 5208 lectio
549 5142 684 5225 vulgata
705 5139 798 5207 Vitae
820 5140 930 5206 Albini
953 5161 993 5207 ex
1016 5160 1055 5207 co
1076 5140 1197 5207 centias
1222 5139 1365 5225 suppleri
1388 5146 1485 5223 atque
1508 5139 1676 5206 emendari
1698 5137 1846 5225 potuerit.

465 5487 508 5552 20)
528 5489 581 5539 soh.
602 5491 632 5551 V,
656 5489 696 5540 17.

466 5574 508 5639 21)
529 5577 583 5627 Ioh.
603 5578 635 5640 V,
656 5575 698 5627 36.

465 5663 506 5727 22)
528 5665 566 5713 Ex
587 5664 753 5712 Escorlslcnsi
773 5663 850 5712 editio
869 5663 1030 5711 Bollsndluna
1049 5662 1204 5711 emendanda
1222 5668 1269 5710 cst.
