4506 6248
827 317 1029 374 csnumvu
1047 318 1119 374 LIB.
1139 318 1221 374 VIIl.

464 528 495 569 66
548 525 623 572 ecoe
646 505 731 572 diem
755 506 874 574 iustum
896 506 1026 576 tandem
1048 507 1170 592 pietate
1191 505 1365 596 Tonantis,

634 631 731 694 quam
753 610 902 695 precibus
924 611 1070 694 genetrix
1093 629 1193 695 saepe
1216 610 1367 694 rogabat,
1393 609 1502 675 habet.

548 711 640 778 cuius
662 712 822 802 respirant
843 713 940 780 tacito
962 713 1151 798 praecordia
1172 713 1270 798 pulsu

634 822 852 899 angustosque
874 815 998 882 animos
1020 815 1143 899 gaudia
1164 816 1257 899 larga
1278 815 1415 900 replent.

548 926 717 1005 expectata
738 919 834 985 nimis
856 921 965 986 oculos
987 919 1031 985 ad
1053 926 1198 1004 tempora
1219 917 1356 985 tondens

464 1043 494 1084 66
634 1023 757 1089 semine
778 1023 923 1091 laetitiae
945 1022 1031 1090 dona
1053 1041 1193 1108 superna
1218 1021 1321 1088 metit.

547 1134 639 1212 optat
659 1126 767 1192 adhuc
788 1127 928 1212 supplex
950 1148 1052 1193 uuum
1071 1125 1157 1211 quod
1179 1132 1279 1192 restat
1299 1124 1445 1206 honoris,

634 1237 671 1296 nt
691 1231 824 1315 placeas
846 1229 974 1300 Christo
996 1228 1210 1296 consocianda
1235 1229 1320 1314 polo.

548 1333 692 1415 qualiter·
707 1332 788 1399 haec
810 1332 921 1418 capias
943 1333 1035 1399 labor
1057 1352 1130 1399 esse
1151 1332 1280 1398 videtur
1301 1329 1447 1415 agentis:

633 1435 694 1503 sed
714 1436 807 1502 labor
827 1436 889 1503 iste
911 1435 1018 1501 brevis
1040 1436 1134 1519 fruge
1156 1435 1332 1520 replendus
1353 1434 1423 1500 erit.

464 1557 495 1598 rs
548 1537 677 1605 servitio
699 1538 820 1605 domini
842 1539 1011 1608 subdenda
1033 1538 1146 1605 estad
1168 1538 1247 1621 iuga
1269 1537 1395 1619 cervix,

634 1661 695 1707 nec
716 1662 816 1725 grave
839 1641 897 1709 sed
920 1643 993 1709 leve
1014 1641 1050 1708 61
1071 1640 1228 1725 quidquid
1249 1660 1357 1706 amore
1380 1639 1476 1704 feres.

548 1765 612 1809 non
634 1744 766 1811 aliunde
789 1751 898 1830 petas,
924 1745 958 1811 in
980 1751 1083 1811 matre
1106 1744 1256 1829 exempla
1281 1742 1424 1827 require:
1457 1781 1459 1788 ι

635 1847 754 1932 aspicis
776 1855 851 1914 ante
873 1849 983 1914 oculos
1004 1848 1090 1931 quod
1112 1847 1277 1914 mediteris
1300 1865 1398 1932 opns;

537 1971 620 2034 ,cum
642 1971 707 2034 qua
729 1951 865 2017 festinas
888 1952 984 2017 simul
1007 1969 1079 2018 esse
1101 1951 1135 2016 in
1156 1951 1229 2016 luce
1251 1949 1402 2035 perenni,

464 2073 494 2113 ⁸⁰
635 2054 789 2121 condecet
810 2054 862 2120 hio
884 2054 982 2120 slmili
1005 2074 1131 2121 currere
1153 2054 1228 2137 lege
1250 2053 1347 2120 viam.

549 2157 591 2223 sit
612 2157 671 2223 tibi
693 2157 789 2224 dulce
812 2156 912 2224 decus
933 2158 1119 2225 veneranda
1141 2157 1276 2223 (lasaria
1297 2174 1469 2241 praesens,

634 2261 785 2346 praesule
807 2261 960 2327 Caesario
983 2282 1046 2327 non
1068 2261 1209 2327 caritura
1231 2279 1300 2325 suo.

548 2364 622 2431 illos
644 2363 740 2430 cordo
763 2384 902 2448 sequens
924 2364 1139 2448 mandataque
1162 2383 1293 2449 corpore
1315 2362 1485 2447 conplens,

634 2474 670 2533 nt
690 2473 804 2534 teneas
825 2465 938 2548 flores,
963 2468 1025 2533 has
1046 2466 1183 2533 imiteris
1205 2484 1297 2550 apes.

464 2588 495 2629 66
548 2569 672 2655 respice
695 2569 751 2652 qui
772 2569 875 2636 voluit
896 2571 987 2637 nasci
1010 2589 1046 2636 se
1067 2575 1180 2635 ventre
1201 2568 1347 2653 puellae,

634 2680 667 2739 et
688 2672 809 2739 domini
832 2673 950 2739 summi
971 2694 1036 2756 qua
1058 2693 1132 2738 caro
1154 2692 1249 2738 carne
1272 2671 1377 2737 venit:

548 2775 679 2860 spiritus
701 2775 856 2844 intactum
878 2775 1074 2842 venerabilis
1096 2775 1214 2859 adtigit
1234 2775 1362 2855 alvum,

633 2879 812 2962 virgineam
836 2879 969 2964 cupiens
991 2878 1171 2944 inhabitare
1193 2877 1339 2958 domum,

547 2982 631 3046 hano
654 2981 734 3047 deus
756 2981 962 3068 ingrediens,
988 2981 1127 3048 hominis
1150 3000 1234 3063 quae
1256 2978 1372 3046 nesciit
1394 2967 1505 3060 usum,

463 3104 494 3144 6ο
634 3085 704 3151 6616
726 3104 784 3151 666
806 3091 882 3151 nato
903 3085 1032 3151 conscia
1054 3084 1146 3168 virgo
1167 3084 1246 3149 viro.

547 3187 746 3272 concipiente
769 3187 833 3253 lide
855 3188 944 3253 nullo
967 3207 1003 3252 se
1026 3187 1148 3253 semine
1170 3186 1264 3270 lusit,

575 3359 579 3366 ,
634 3298 667 3357 61
689 3311 751 3374 quo
774 3291 879 3356 tactus
900 3291 996 3356 homo
1018 3297 1152 3357 estnon
1175 3289 1236 3355 init
1256 3288 1340 3354 alter
1361 3287 1467 3353 homo.

548 3393 717 3478 virginitas
739 3393 818 3458 ielix
840 3413 924 3475 quae
946 3399 1040 3478 partu
1063 3400 1113 3462 est
1134 3392 1235 3476 digna
1255 3391 1429 3470 Tonantis,

634 3517 717 3580 quae
739 3496 856 3562 meruit
877 3495 1041 3561 dominum
1063 3515 1277 3581 progenerare
1304 3497 1413 3559 sunm!

464 3619 495 3660 66
547 3601 669 3686 templa
691 3598 843 3666 creatoris
866 3605 941 3664 sunt
961 3599 1106 3665 membra
1127 3598 1247 3682 pudica
1267 3596 1398 3682 puellae

635 3708 668 3768 et
689 3701 816 3768 habitat
836 3700 985 3786 proprius
1008 3701 1074 3768 talc
1097 3700 1203 3767 cubile
1229 3699 1321 3766 deus.

549 3811 703 3889 quantum
726 3823 847 3890 sponsa
868 3811 974 3890 potest
995 3803 1037 3871 de
1058 3803 1244 3887 virginitate
1266 3803 1412 3888 placere,

634 3908 707 3992 ipsa
729 3908 781 3973 oui
802 3907 950 3991 genetrix
972 3906 1122 3973 nonnisi
1144 3907 1236 3990 virgo
1256 3906 1384 3991 placet?

549 4011 648 4077 Sarra
669 4011 816 4078 Rebecca
838 4010 960 4076 8661161
983 4011 1101 4077 Hester
1121 4009 1231 4076 Iudith
1254 4009 1348 4074 Anna
1372 4008 1488 4075 Noemi

449 4134 495 4174 100
635 4114 784 4197 quamvis
805 4113 979 4199 praecipue
1002 4114 1128 4180 culmen
1151 4112 1195 4178 ad
1216 4118 1304 4177 astra
1325 4112 1450 4191 levent,

548 4218 639 4283 nulla
659 4224 769 4283 tamen
791 4217 907 4283 meruit
928 4216 1040 4282 mundi
1061 4236 1218 4300 generare
1239 4221 1424 4299 parentem:

634 4340 718 4403 quac
740 4319 905 4385 dominum
926 4319 1068 4404 peperit,
1095 4319 1207 4384 clausa
1228 4317 1332 4383 Maria
1353 4323 1472 4382 manet.

548 4422 740 4488 intemerata
762 4422 858 4488 deum
881 4421 1051 4507 suspendit
1071 4421 1114 4486 ad
1136 4422 1237 4487 ubera
1258 4426 1370 4486 natum

636 4532 669 4591 et
690 4545 806 4610 panem
828 4525 911 4592 caeli
933 4544 1066 4591 munere
1088 4524 1182 4591 lactis
1207 4523 1279 4589 alit.

283 4753 316 4802 66
334 4751 479 4815 genitrle
573 4746 660 4817 saepe]
677 4764 776 4812 semper
788 4748 821 4797 61
927 4749 960 4800 68
979 4757 1154 4813 angustosque
1167 4749 1194 4798 M
1298 4749 1328 4800 'Il
1349 4751 1454 4799 obtato
1540 4750 1630 4812 suplex
1646 4748 1678 4797 61
1766 4752 1843 4801 hono·

214 4838 299 4888 66681
405 4835 664 4888 78666161161866.
771 4834 926 4884 ’18616616
1032 4834 1065 4886 ’16
1085 4835 1220 4898 (quidquid
1232 4835 1263 4896 Δ)
1372 4834 1405 4884 88
1423 4835 1580 4884 6666666111
1683 4838 1808 4887 similent

213 4937 313 4972 currere
332 4924 356 4971 D
461 4918 721 4989 sssu01tuoeodo.
828 4919 1054 4984 831666616660)
1161 4921 1193 4971 81
1212 4922 1322 4971 mitteris
1338 4919 1367 4968 01
1469 4921 1610 4984 66618586
1627 4921 1647 4968 V
1662 4923 1718 4973 Van.
1734 4927 1844 4986 sepultor

218 5005 891 5072 111,6,87666,661666666161666.86-2366661
909 5006 1053 5069 V11,o,³7
1098 5007 1103 5010 ’
1158 5005 1191 5055 85
1209 5003 1250 5074 66]
1267 5007 1440 5056 6686666166
1543 5006 1810 5058 871616616668681

216 5095 315 5156 (adtigit
333 5094 387 5156 AC)
494 5095 527 5145 88
546 5096 617 5154 uirga
635 5095 658 5140 A
763 5091 1295 5155 81”6166118(6[.6.168),1666118666.
1402 5092 1670 5143 83-17866166116
1687 5095 1769 5143 666166
1786 5110 1844 5144 mm

215 5180 239 5228 Σ
256 5183 427 5241 6666166666
447 5181 481 5244 (ol
504 5179 526 5240 s.
547 5182 589 5229 89.
610 5180 644 5227 ³0
662 5194 720 5228 ram
737 5178 782 5228 luc
800 5178 976 5238 memrptsone
991 5181 1073 5240 prium
1090 5193 1168 5228 66666
1185 5184 1304 5228 6666616.Ι
1327 5192 1398 5228 6666
1416 5193 1450 5227 66
1469 5193 1595 5230 66661666
1613 5193 1674 5230 6666
1692 5193 1843 5234 mmm

214 5277 352 5316 rnxaonrrr
362 5278 392 5315 xr
404 5279 440 5314 nn
453 5278 609 5314 6666666666
622 5277 741 5313 rasim
752 5278 852 5313 rosiris
866 5279 901 5312 sn
914 5277 1072 5312 6666666666
1084 5277 1243 5313 6666666666
1256 5277 1402 5314 manemus
1447 5279 1572 5314 nxrnrcrr
1657 5265 1844 5328 88-1186661

212 5367 237 5400 6.
258 5354 292 5400 48
310 5351 334 5400 P
462 5350 619 5413 8361661166
639 5349 670 5397 Ρ1
792 5346 917 5416 tonantis]
935 5351 1021 5398 nantis
1039 5348 1077 5398 161
1208 5347 1506 5418 8466616666]66166
1526 5352 1548 5400 F
1676 5352 1844 5416 adproprias

213 5431 385 5502 11168886]
402 5437 506 5498 propius
523 5435 639 5485 ,468166
736 5435 770 5486 88
788 5438 901 5496 genitrix
919 5436 943 5484 Ι,
1029 5437 1170 5496 ntnlrgoP
1265 5435 1308 5486 88.
1326 5435 1373 5486 168
1392 5437 1577 5500 86666811,
1594 5439 1627 5488 88
1725 5438 1758 5489 88
1777 5453 1845 5488 serra

213 5522 242 5584 P,
263 5537 318 5582 sara
338 5522 360 5570 6
489 5523 575 5572 hester
594 5518 730 5588 686881]
748 5527 816 5571 ester
834 5521 972 5584 1168666,
994 5527 1046 5571 ster
1065 5521 1197 5571 081888
1327 5522 1415 5571 1666111
1436 5521 1464 5569 61
1484 5538 1547 5573 corr.
1570 5522 1599 5571 01
1732 5527 1794 5574 aunt
1812 5525 1841 5586 Ρ,

213 5621 291 5656 annos
310 5607 392 5656 86666
409 5608 463 5658 cod.
485 5610 549 5658 111616.
657 5606 1006 5670 66666161,66166101861
1111 5607 1157 5658 161
1178 5608 1266 5656 mundi
1285 5607 1416 5657 mernltG
1523 5608 1755 5660 18616166666666
1777 5608 1810 5658 61
