4290 6194
778 315 781 320 ’
811 346 904 402 vnn
922 345 1060 403 saxoni
1078 345 1252 402 saturn.
1809 355 1850 418 63

306 542 367 624 (87)
394 539 519 605 Rursus
549 558 621 604 eum
650 537 809 603 adversus
831 536 1056 603 Ruthenenses
1079 537 1296 603 Marcomanni
1319 543 1425 603 truces
1448 539 1635 622 ingruerent
1657 561 1847 624 omnemque
1871 541 1952 607 XIII

213 646 281 710 late
295 641 492 730 provinciam
507 642 587 708 belli
602 642 687 708 nube
702 641 869 720 texissent,
895 641 1053 707 —atroci
1068 640 1187 706 etenim
1203 660 1321 707 corona
1336 641 1503 707 cinxerant
1518 641 1682 708 civitatem
1697 681 1750 724 -—,
1777 644 1852 709 hor-

215 748 328 815 rebant
343 765 504 812 murorum
518 745 687 811 interiecto
703 743 889 810 discrimine
905 743 1024 809 strictis
1038 743 1255 809 mucronibus.
1300 744 1451 810 Addebat
1473 745 1570 811 etiam
1585 745 1735 812 fiduciam
1751 747 1852 814 hosti-

214 851 275 917 bus
299 848 469 916 multitudo
491 848 625 932 ingens,
653 852 770 913 natura
793 846 900 929 ferox,
927 865 1060 929 qnorum
1083 845 1194 930 fugam
1218 847 1381 912 sternebat
1402 849 1526 932 passim
1549 849 1621 916 dira
1643 849 1715 915 lues
1737 848 1852 916 immiti

182 973 309 1035 sense,
343 952 431 1018 fame
460 951 611 1018 obscena.
671 951 731 1034 (88)
761 950 933 1034 Consurgit
961 950 1091 1015 tandmn
1122 951 1163 1014 in'
1178 950 1331 1016 ultionem
1354 950 1547 1017 famulorum
1571 953 1721 1019 sacerdos
1744 961 1853 1020 noster

214 1062 496 1143 propugnatorque
520 1053 714 1120 fortissimus
736 1060 769 1120 et
789 1053 836 1119 ita
858 1060 987 1137 gentem
1012 1059 1112 1120 totam
1135 1074 1198 1120 uno
1216 1054 1328 1120 timore
1346 1056 1515 1139 percussit,
1543 1055 1628 1138 quod
1647 1055 1852 1122 discedentes

214 1179 334 1246 pavore
363 1157 475 1242 fugam
506 1157 699 1243 arriperent,
739 1157 822 1223 sicut
854 1156 1036 1224 vehementi
1066 1156 1173 1222 furore
1205 1177 1294 1222 arma
1324 1165 1507 1244 rapuerant.
1573 1162 1631 1240 (89)
1667 1158 1750 1224 Nam
1779 1180 1851 1226 cum

215 1263 412 1330 fortissimae
442 1260 550 1344 gentis
573 1261 672 1328 duces
694 1260 941 1344 ingrederentur
962 1281 1003 1326 ex
1026 1280 1114 1326 more
1137 1260 1321 1344 basilicam,
1358 1262 1403 1327 uti
1427 1281 1479 1327 res
1502 1261 1663 1328 secundas
1685 1269 1853 1347 poscerent

215 1366 292 1450 suis,
319 1365 477 1432 tumulum
500 1364 642 1449 petiere:
669 1364 777 1431 statim
801 1363 1007 1430 circumiecta
1029 1364 1200 1448 sepulchro
1222 1364 1386 1430 velamina
1408 1386 1492 1431 nunc
1515 1367 1650 1432 alteram
1673 1365 1706 1431 in
1728 1371 1851 1450 partem

166 1487 195 1529 1⁰
214 1477 250 1537 ut
280 1476 353 1536 acte
382 1467 494 1534 flabris
524 1488 627 1535 novae
657 1467 784 1533 virtutis
815 1467 969 1534 miraculo
1001 1468 1182 1549 sinuantur,
1216 1487 1354 1550 maguus
1386 1488 1403 1533 e
1433 1469 1556 1534 tumulo
1579 1469 1720 1552 liquatur
1741 1467 1848 1534 sudor.

219 1573 281 1656 (90)
310 1572 619 1639 Commemoratione
643 1570 739 1637 etiam
762 1569 844 1635 mira
866 1589 992 1636 sacrum
1015 1570 1057 1636 de
1078 1571 1201 1636 tumulo
1224 1571 1373 1636 velamen
1390 1572 1557 1654 excutitur,
1586 1577 1768 1638 sternuntur
1784 1572 1852 1636 solo

215 1676 315 1742 duces
345 1695 403 1761 pro
432 1674 535 1758 gloria
564 1673 703 1740 reditum
732 1673 844 1756 fugam
874 1693 932 1756 pro
963 1673 1118 1739 felicitate
1145 1681 1317 1756 poscentes
1340 1682 1374 1740 et
1395 1674 1458 1760 ipsi
1480 1675 1581 1740 atroci
1604 1673 1693 1760 prius
1716 1675 1853 1740 saevitia

214 1779 448 1844 immanitatem
485 1776 680 1861 transgressi
717 1776 851 1842 feralem
888 1775 922 1841 in
956 1775 1119 1842 hominum
1153 1797 1258 1843 mores
1291 1798 1375 1843 novo
1409 1778 1546 1844 redeunt
1577 1785 1664 1843 metu
1697 1777 1848 1862 perculsi.

222 1884 282 1966 (91)
310 1882 360 1949 Ab
383 1881 524 1949 emtione
546 1881 656 1964 itaque
678 1885 875 1962 consurgunt
896 1877 1097 1961 terribilique
1120 1899 1198 1945 sono
1220 1881 1318 1946 tubae
1340 1899 1421 1963 gens
1443 1887 1510 1948 tota
1533 1879 1746 1962 contrahitur,
1778 1900 1852 1965 pro-

142 2057 143 2060 ,
167 2003 196 2044 ru
216 1985 264 2051 dit
293 1992 413 2052 metum
444 1984 549 2071 pallor
571 1982 694 2049 timoris
715 1979 814 2047 index
836 1980 1020 2066 factumque
1042 1981 1188 2067 trepidus
1212 2002 1314 2049 sermo
1338 1984 1542 2049 miraculum:
1576 1985 1687 2050 horror
1709 1984 1851 2049 omnium

216 2090 319 2172 quatit
351 2089 512 2171 membra,
549 2087 693 2153 novitate
727 2083 854 2150 virtutis
887 2085 996 2169 placet
1029 2085 1122 2170 fuga,
1161 2085 1263 2152 densa
1295 2089 1378 2153 mole
1412 2087 1593 2153 referuntur
1625 2086 1669 2152 ad
1698 2087 1848 2171 patriam.

221 2193 282 2276 (99)
310 2193 445 2259 Peracto
473 2191 584 2274 itaque
614 2188 751 2256 triennio
773 2188 833 2254 hoc
855 2208 918 2271 quo
940 2189 1030 2273 prius
1052 2190 1186 2255 veniunt
1208 2190 1315 2256 furore
1338 2191 1501 2271 succensi,
1537 2191 1599 2257 hac
1621 2190 1771 2256 saeviunt
1791 2191 1852 2254 im-

215 2296 370 2363 manitate
399 2295 614 2376 bacchantes,
649 2314 691 2359 ex
713 2294 773 2359 hoc
795 2292 933 2358 redeunt
953 2292 1110 2358 miraculo
1134 2293 1317 2359 commoniti
1339 2293 1461 2376 hocque
1484 2293 1614 2377 fugiunt
1635 2313 1753 2380 pavore
1776 2313 1851 2378 per-

214 2399 296 2464 culsi
319 2405 352 2466 et
374 2399 421 2465 ita
442 2405 552 2485 pastor
574 2397 725 2481 egregius
748 2416 878 2481 gregem
903 2416 998 2462 suum
1020 2396 1063 2462 ab
1085 2395 1215 2462 incursu
1238 2396 1386 2482 luporum
1409 2397 1459 2462 bis
1483 2397 1567 2464 eruit
1588 2418 1654 2463 una
1676 2396 1804 2463 virtute.

164 2516 194 2558 20
306 2506 365 2588 (93)
393 2503 507 2569 Dicam
535 2502 651 2568 iterum
681 2500 872 2568 miraculum
901 2500 987 2583 quod
1016 2501 1088 2585 ipsa
1115 2501 1243 2567 Rutena
1274 2500 1352 2566 urbe
1380 2507 1464 2567 teste
1493 2501 1655 2586 conspexi.
1710 2500 1848 2566 Puerum
1872 2499 1946 2564 XIV

214 2605 375 2686 quendam
408 2605 626 2693 Euphrasium
660 2605 788 2670 nomine
821 2611 890 2670 arto
926 2603 1016 2670 dirae
1048 2603 1244 2670 infirmitatis
1278 2624 1363 2670 nexu
1397 2603 1630 2670 constrinxerat
1662 2604 1762 2670 hostis
1795 2604 1853 2670 ille

214 2709 406 2775 multimoda
433 2708 569 2775 nocendi
596 2713 665 2774 arte
689 2707 899 2773 saevissimus
922 2714 1019 2790 atque
1042 2727 1098 2772 ora
1120 2708 1289 2773 ferocitate
1312 2707 1532 2788 obseraverat,
1568 2706 1698 2792 dempto
1719 2707 1852 2790 linguae

214 2817 303 2874 motu
334 2816 367 2876 et
396 2810 487 2876 fandi
516 2811 666 2876 libertate
697 2811 841 2892 sublata,
876 2811 989 2876 luebat
1018 2810 1107 2894 longi
1130 2809 1284 2876 maeroris
1307 2829 1446 2894 paenam
1469 2810 1771 2876 diutumosilentio
1794 2831 1854 2875 nec

215 2912 284 2977 ulla
314 2911 358 2978 ad
387 2912 542 2978 afflictum
572 2913 709 2978 conferri
736 2920 884 2997 poterant
915 2911 1059 2979 remedia
1082 2912 1241 2978 sanitatis.
1294 2914 1356 2996 (94)
1383 2912 1528 2977 Tandem
1552 2912 1697 2978 infirmus
1719 2913 1853 2979 audacis

165 3027 196 3070 ‘1⁵
216 3015 293 3081 fidei
320 3015 446 3081 fervore
474 3034 647 3082 succensus
679 3015 783 3081 sancti
805 3015 907 3101 patris
931 3015 1088 3080 tumulum
1112 3015 1205 3101 petiit
1228 3022 1262 3080 et
1283 3013 1406 3080 tumulo
1428 3016 1577 3081 velamen
1600 3016 1783 3098 contiguum
1806 3017 1852 3081 on'

215 3118 375 3185 violentus
403 3118 514 3186 iniecit
543 3126 577 3185 et
602 3117 678 3185 ilico
707 3120 897 3186 verberante
929 3139 987 3184 ora
1009 3118 1140 3202 linguae
1163 3119 1286 3204 plectro
1310 3124 1472 3184 auctorem
1495 3117 1656 3184 Christum
1680 3139 1742 3183 vox
1766 3119 1853 3183 clara

215 3221 379 3288 collaudat
401 3221 609 3305 divinamque
632 3223 782 3288 virtutem
806 3229 838 3288 et
859 3222 975 3287 merita
997 3221 1163 3287 bellatoris
1187 3221 1312 3304 antiqui
1335 3221 1442 3287 soluta
1463 3221 1577 3305 lingua
1598 3227 1734 3286 testatur
1756 3228 1788 3286 et
1807 3222 1853 3287 ita

215 3325 359 3392 infirmus
387 3317 493 3393 ille'e
523 3325 659 3392 basilica
681 3326 807 3392 Christo
837 3324 1006 3392 referendo
1036 3325 1159 3408 gratias
1182 3343 1282 3390 sanus
1305 3324 1470 3409 egreditur
1491 3331 1654 3405 totamque
1678 3324 1852 3390 exultando

215 3428 372 3514 percurrit
392 3430 504 3497 urbem
526 3429 607 3496 tanti
631 3429 778 3494 miraculi
799 3429 892 3496 testis
914 3449 953 3494 ac
975 3429 1117 3494 nuntius.

166 3545 196 3587 ³0
308 3533 370 3618 (95)
397 3533 478 3600 Item
509 3533 591 3599 latro
613 3531 746 3616 quidam
768 3531 981 3599 saevissimus
1004 3532 1157 3598 viatorem
1181 3532 1345 3598 incautum
1369 3531 1452 3611 adit,
1486 3530 1642 3597 interimit
1665 3531 1851 3616 prosternit·
1875 3532 1934 3596 XV

214 3656 293 3721 que,
330 3636 434 3721 spolia
463 3634 575 3721 diripit
603 3656 642 3702 ac
670 3637 735 3702 telo
763 3635 887 3702 ultricis
918 3636 1134 3702 conscientiae
1164 3637 1333 3721 perculsus
1361 3635 1499 3718 aufugit.
1547 3634 1660 3718 Ignoto
1682 3634 1809 3701 cuidam
1832 3657 1851 3700 a

214 3740 339 3806 latrone
373 3739 506 3806 extincti
539 3739 732 3806 vestimenta
764 3739 964 3821 venduntur,
1002 3740 1119 3822 quibus
1153 3739 1261 3824 palam
1294 3739 1364 3804 sine
1392 3759 1483 3804 mora
1512 3737 1661 3823 prolatis,
1699 3739 1852 3806 innocens

215 3850 338 3929 emptor
368 3842 411 3908 ad
440 3841 602 3929 supplicia
630 3842 753 3929 rapitur
781 3848 815 3907 et
836 3842 937 3909 alieni
961 3841 1093 3908 sceleris
1116 3861 1223 3927 paena
1246 3848 1426 3926 torquetur,
1460 3842 1494 3906 in
1517 3861 1676 3922 carcerem
1701 3842 1847 3922 truditur,

214 3946 390 4030 profertur,
425 3946 630 4029 verberatur,
666 3945 787 4011 carceri
816 3945 962 4011 redditur
991 3954 1024 4012 et
1053 3946 1337 4030 comperendinato
1367 3945 1421 4011 die
1449 3945 1558 4011 letalis
1586 3945 1724 4031 patibuli
1746 3965 1852 4030 paena

165 4063 196 4103 ³⁵
215 4048 372 4116 differtur.
425 4050 486 4134 (96)
513 4050 643 4115 Interea
663 4049 877 4135 intempestae
899 4049 1003 4115 noctis
1026 4049 1154 4115 silentio
1178 4049 1288 4115 divIno
1311 4048 1437 4133 fulgore
1460 4069 1571 4114 carcer
1593 4048 1733 4129 emicuit,
1759 4048 1854 4116 adest

216 4153 374 4236 gloriosus
396 4153 566 4220 Amantius
589 4151 692 4219 nivali
715 4152 886 4239 splendore
911 4152 1113 4239 conspicuus,
1140 4158 1336 4218 maerentem
1360 4151 1478 4233 visitat,
1506 4171 1622 4218 nomen
1645 4152 1742 4217 edicit
1763 4159 1796 4218 et
1817 4159 1854 4217 ut

215 4255 360 4323 crudelia
389 4261 548 4322 tormenta
570 4257 706 4340 effugiat
727 4256 924 4322 exhortatur.
969 4254 1048 4322 Ilico
1070 4262 1141 4321 urta
1163 4255 1239 4322 feni
1263 4255 1371 4321 vincla
1394 4255 1570 4336 dissiliunt,
1606 4255 1748 4320 claustra
1770 4275 1853 4339 pan-

215 4357 343 4441 duntur,
366 4359 512 4444 procedit
526 4359 703 4425 vinctorum
719 4379 833 4425 manus
848 4359 947 4444 fitque
963 4365 1132 4425 nocentum
1147 4359 1236 4424 salus
1253 4358 1411 4425 absolutio
1426 4358 1617 4424 innocentis.
1671 4360 1730 4439 (97)
1758 4359 1852 4424 Patet

215 4481 340 4544 carcer,
368 4461 411 4528 ad
432 4462 602 4528 basilicam
625 4463 847 4547 gloriosissimi
870 4463 1111 4548 triumphatoris
1133 4461 1333 4546 confugitur,
1359 4463 1527 4547 pulsantur
1550 4463 1654 4544 fores,
1682 4481 1756 4527 mox
1780 4482 1852 4528 sera

164 4583 195 4625 ro
215 4585 297 4631 novo
325 4563 479 4631 miraculo
508 4565 625 4632 illaesa
654 4566 723 4632 solo
749 4566 865 4633 resiliit
894 4573 927 4632 et
948 4565 995 4632 ita
1016 4566 1223 4632 beatissimus
1246 4565 1415 4646 Amantius
1437 4565 1547 4632 divino
1571 4584 1703 4632 munere
1726 4565 1766 4630 ab
1789 4565 1852 4630 im-

215 4666 357 4734 minente
390 4667 489 4734 exitio
522 4667 715 4755 dampnatos
748 4669 866 4754 eripuit
898 4688 1056 4752 sacraque
1085 4676 1212 4754 ereptos
1242 4668 1377 4734 basilica
1407 4667 1494 4734 dulci
1524 4669 1648 4753 gremio
1678 4668 1851 4734 salvandos

215 4771 354 4857 excepit.

307 4876 367 4959 (98)
396 4875 425 4938 A
446 4875 571 4940 latrone
594 4893 720 4959 quoque
742 4874 874 4957 quidam
896 4873 931 4938 in
955 4875 1140 4958 praesentia
1161 4875 1223 4940 viri
1245 4875 1348 4940 bonae
1364 4876 1580 4942 conscientiae
1596 4873 1762 4952 occiditur,
1790 4873 1848 4938 sed
1872 4869 1947 4932 XVI

215 4996 286 5042 cum
317 4997 353 5043 se
382 4976 464 5042 latro
493 4996 587 5043 cursu
614 4977 760 5063 praepeti
790 4976 981 5061 confugiens
1010 4979 1221 5060 occultasset,
1255 4979 1408 5045 innocens
1436 4979 1492 5044 illc
1522 4984 1668 5044 metuens
1698 4996 1738 5041 ne
1762 4983 1851 5041 stans

164 5100 195 5140 19
214 5079 305 5146 iuxta
334 5098 449 5163 corpus
477 5080 609 5146 extincti
637 5079 738 5147 alieni
769 5080 900 5146 sceleris
931 5101 1053 5166 paenas
1084 5081 1263 5166 exciperet,
1300 5081 1466 5148 basilicam
1496 5080 1583 5147 beati
1610 5078 1851 5162 triumphatoris

216 5181 368 5267 expetiit,
401 5201 421 5244 9
450 5181 638 5268 propinquis
668 5183 801 5249 extincti
830 5183 991 5250 artissime
1019 5185 1157 5250 vinculis
1178 5183 1362 5250 innectitur.
1410 5184 1472 5263 Qui
1495 5183 1608 5249 offusis
1631 5179 1759 5246 fletibus
1782 5203 1852 5246 ma-

305 5475 400 5524 lbolll
419 5471 497 5543 nube]
520 5476 591 5537 Vero.
612 5480 675 5526 Aen.
698 5477 728 5538 Χ,
749 5478 799 5527 8119
942 5479 957 5528 5
976 5480 1045 5533 fame
1064 5476 1182 5547 obscena]
1206 5478 1275 5542 Verp.
1297 5478 1358 5526 Aen.
1379 5476 1433 5537 111,
1453 5475 1502 5523 3⁶7
1643 5473 1674 5523 li
1692 5474 1851 5536 terriblllque

216 5575 277 5612 sono
296 5557 385 5627 tubae]
407 5561 476 5625 Verq.
497 5563 557 5614 Aea.
581 5564 629 5626 IX,
651 5563 702 5614 503
808 5562 839 5612 15
857 5564 943 5613 horror
961 5573 1077 5622 omnium
1095 5567 1178 5631 quatit
1195 5559 1318 5630 membru]
1338 5563 1405 5621 Vere.
1427 5562 1489 5609 Aen.
1511 5561 1564 5622 111,
1585 5561 1618 5608 99
1724 5557 1755 5606 16
1774 5559 1852 5607 densa

217 5649 283 5696 mols
301 5650 446 5698 referuntur
463 5652 493 5702 ad
510 5646 633 5718 putrium]
654 5649 958 5712 Verq.Aen.X11,575:
978 5655 1116 5722 denasque
1133 5652 1163 5702 sd
1180 5665 1262 5700 muros
1280 5649 1344 5697 mols
1362 5647 1478 5694 feruntur
1582 5643 1611 5693 rt
1633 5644 1812 5706 euphrasinum
1831 5644 1852 5691 L
