4536 6196
1022 323 1193 382 VENANTI
1211 321 1430 381 FORTVNATI

742 537 870 602 semper
891 538 1009 600 aquam
1031 517 1181 583 manibus
1203 516 1348 581 tribuous
1371 515 1575 581 venientibus
1597 514 1686 598 ipse,

743 620 894 687 caelestis
917 619 1051 704 cupiens
1075 619 1193 685 homini
1217 618 1337 683 semiue
1359 618 1521 697 minister,

743 731 775 789 ct
797 743 912 789 manus
935 725 1022 788 alma
1043 723 1143 808 pedes
1166 722 1207 787 de
1230 729 1398 806 peccatore
1421 723 1545 803 luebat,

743 846 814 892 cum
839 847 898 890 sua
921 827 1098 910 porrigeret
1120 827 1172 890 vel
1196 824 1322 889 iimbn'a
1343 831 1429 889 tacta
1452 825 1602 891 salutem.
1646 885 1650 894 .

677 954 689 992 a
742 931 797 1014 qui
819 930 998 996 inlecebras
1021 929 1132 994 mundi
1154 927 1325 1012 fugiendas
1347 928 1538 994 instituebat

743 1041 775 1099 et
797 1034 904 1098 saeclo
928 1053 987 1098 sua
1009 1033 1098 1097 lucra
1119 1031 1207 1113 dari,
1229 1030 1280 1096 nil
1302 1051 1458 1113 quaerere
1481 1031 1591 1112 terris,

744 1145 779 1202 ut
801 1156 932 1202 censum
956 1136 1082 1220 fugeret
1104 1135 1159 1217 qui
1181 1134 1357 1200 ascendere
1379 1135 1480 1200 vellet
1502 1134 1693 1219 Olympum,

744 1247 778 1306 ut
799 1261 900 1324 grave
922 1239 1048 1325 pondus
1070 1239 1140 1323 agri
1164 1239 1216 1304 vel
1238 1237 1359 1302 nummi
1381 1238 1491 1303 nullus
1513 1237 1648 1303 haberet

745 1327 808 1409 nec
828 1344 981 1409 retineret
1002 1362 1080 1427 opes
1102 1342 1158 1424 qui
1181 1341 1270 1406 caelo
1293 1348 1472 1406 occurreret
1494 1341 1599 1406 heres.

643 1471 648 1506 z
744 1468 883 1530 namque
906 1465 987 1512 onus
1010 1451 1180 1511 ascensum
1203 1451 1292 1511 vetat
1314 1451 1346 1509 et
1368 1443 1565 1509 descendere
1588 1451 1747 1529 praestat,

744 1550 842 1615 imum
866 1569 962 1616 versa
984 1549 1114 1615 trahunt
1135 1568 1194 1614 nec
1217 1547 1249 1611 in
1273 1548 1372 1613 altum
1396 1547 1540 1631 pondera
1562 1547 1698 1630 ducunt,

743 1654 777 1718 in
800 1661 938 1718 montem
962 1651 1115 1736 gradiens
1138 1651 1256 1717 titubat
1279 1652 1338 1716 sub
1361 1650 1450 1716 fasce
1473 1651 1638 1730 columna,

746 1756 853 1821 deficit
876 1763 908 1822 ct
930 1755 1055 1838 fragilis
1078 1753 1186 1820 valido
1209 1755 1269 1819 sub
1293 1753 1434 1838 pondere
1456 1754 1585 1838 planta;

745 1860 860 1944 mergit
881 1860 915 1925 in
938 1858 1096 1924 undosum
1120 1857 1314 1924 cumulatam
1337 1858 1464 1952 sarcina
1486 1878 1628 1942 proram:

661 1988 691 2026 m
746 1971 780 2028 ut
802 1969 892 2047 petat
912 1963 956 2028 ad
978 1969 1121 2047 portum,
1149 1982 1253 2027 rerum
1277 1960 1357 2028 facit
1377 1962 1514 2027 entheca
1536 1962 1667 2028 iactum.

832 2066 893 2144 Qui
917 2074 1010 2150 pater
1031 2065 1176 2130 inlustris
1199 2064 1328 2130 Paulini
1351 2071 1445 2147 gesta
1466 2064 1602 2142 beabat,

745 2169 852 2236 floruit
872 2170 987 2235 italiae
1010 2189 1072 2252 quc
1095 2176 1169 2254 post
1190 2169 1333 2234 antistite
1356 2169 1440 2234 Nola

745 2294 809 2357 qua
831 2273 921 2356 regio
944 2274 1110 2357 Campana
1134 2271 1225 2339 sedet
1247 2279 1370 2338 rectore
1393 2291 1549 2357 superno:

746 2377 838 2443 dives
860 2376 965 2460 agris,
992 2377 1127 2460 opulens
1144 2367 1300 2458 tumulis,
1326 2376 1507 2461 locupletus
1530 2375 1672 2456 acerris,

745 2481 795 2546 vir
816 2500 915 2548 censu
937 2486 1067 2561 vastus,
1094 2481 1162 2545 lare
1185 2481 1292 2546 celsus
1315 2487 1348 2545 et
1369 2499 1423 2545 ors
1446 2479 1617 2561 rotundus,

746 2584 840 2650 ditior
862 2583 933 2668 ipse
955 2582 1019 2648 iidc
1042 2604 1098 2668 pro
1121 2583 1248 2649 Christo
1271 2581 1307 2648 iit
1329 2583 1391 2648 sibi
1415 2604 1538 2668 pauper

746 2694 777 2752 et
800 2686 890 2753 dedit
906 2675 1094 2752 'innumeros
1116 2685 1311 2752 redimentes
1334 2686 1469 2751 crimina
1490 2707 1647 2752 nummos.

745 2790 837 2857 cuius
860 2811 972 2875 sparsa
995 2791 1064 2856 solo
1087 2791 1240 2874 migravit
1261 2790 1305 2855 ad
1327 2797 1415 2856 astra
1437 2791 1577 2858 facultas

746 2895 822 2960 fecit
844 2903 877 2961 et
899 2896 932 2959 in
956 2895 1081 2960 caelum
1105 2895 1215 2980 pigras
1238 2893 1415 2960 ascendero
1437 2902 1555 2976 terras,

643 3047 648 3061 .
746 3019 808 3064 uno
831 2998 945 3064 stando
969 2999 1037 3063 locc
1061 3004 1094 3063 et
1115 2997 1193 3062 dant
1216 2997 1309 3062 bmta
1332 2997 1375 3062 ad
1399 2997 1506 3063 sidera
1529 3000 1658 3065 saltum.

745 3123 821 3186 crgo
844 3101 1068 3186 euangelicum
1092 3101 1227 3166 Paulino
1248 3102 1392 3185 implente
1415 3103 1551 3168 relatum

745 3207 900 3272 Martinus
922 3205 1057 3270 monitat
1078 3205 1199 3270 eunctis
1222 3206 1321 3270 talem
1344 3224 1416 3270 esse
1439 3206 1656 3288 sequendum,

745 3311 872 3376 tramite
896 3308 1021 3375 difficili
1043 3308 1147 3392 potuit
1169 3308 1245 3391 quia
1267 3328 1402 3393 porgere
1425 3308 1518 3374 dives

514 3521 586 3582 Sulp.
607 3523 663 3571 Sea.
689 3523 716 3573 V.
738 3521 771 3570 Μ.

409 3645 546 3705 plurimum
566 3648 591 3691 et
609 3644 710 3704 gavisus
729 3644 755 3690 iu
775 3642 881 3702 domino,
904 3641 968 3702 quod
988 3641 1052 3689 tanti
1071 3645 1140 3688 esset
1157 3640 1259 3688 babitus
1277 3655 1291 3688 a
1309 3640 1387 3700 nobis,
1409 3652 1484 3701 quem
1503 3641 1702 3701 peregrinatione
1721 3646 1839 3704 suscepta
1851 3647 2037 3703 expeteremus.

412 3730 445 3791 (3)
467 3733 586 3778 irrisorum
605 3743 645 3777 me
664 3757 697 3766 —
715 3743 796 3790 paene
814 3742 862 3776 non
881 3728 960 3775 audeo
979 3728 1090 3776 confiteri
1108 3754 1143 3763 -
1161 3741 1218 3774 eum
1237 3740 1276 3774 me
1296 3733 1381 3775 sancto
1400 3728 1514 3774 convivio
1533 3740 1578 3774 suo
1593 3727 1710 3787 diguatus
1723 3729 1930 3790 essetadhibere‚
1949 3742 2039 3790 aquarn

411 3817 528 3863 inauribus
548 3817 638 3862 nostris
657 3815 711 3876 ipse
729 3814 830 3873 obtulit,
851 3814 880 3862 ad
901 3828 1032 3875 vesperum
1053 3819 1137 3862 autem
1156 3814 1232 3875 pedes
1250 3814 1307 3873 ipsc
1325 3813 1397 3860 uobis
1415 3812 1505 3861 abluit.
1544 3826 1589 3860 nec
1609 3814 1684 3861 reuiti
1703 3819 1747 3862 aut
1765 3815 1903 3862 contraire
1921 3821 2041 3864 coustan-

410 3903 444 3948 tia
463 3902 530 3949 init:
551 3903 586 3948 ita
605 3902 752 3948 auctoritate
772 3901 842 3948 illius
861 3913 995 3962 oppressus
1014 3914 1079 3962 sum,
1100 3904 1130 3947 ut
1149 3900 1219 3946 nefas
1238 3905 1362 3961 putarem,
1382 3899 1404 3946 si
1423 3912 1474 3948 non
1493 3900 1686 3960 adquievissem.
1728 3899 1761 3961 (tl
1783 3914 1862 3949 sermo
1874 3906 1957 3950 autem
1970 3901 2041 3950 illius

411 4001 460 4036 tucn
479 3989 544 4035 alius
561 3986 628 4049 apud
647 4000 691 4033 nos
709 3987 767 4046 init,
789 4000 862 4047 qnam
882 3986 969 4034 mundi
987 3987 1126 4034 inlecebras
1145 3991 1171 4034 et
1189 3985 1281 4034 saeculi
1300 3999 1374 4034 onera
1391 3985 1556 4048 relinquenda
1574 4000 1594 4034 e.
1616 4001 1638 4047 p.
1659 4001 1679 4035 a.

480 4075 520 4134 25,
543 4079 557 4122 i
577 4073 875 4134 Praestantissimumque
893 4074 964 4120 uobis
982 4073 1151 4134 praesentium
1171 4077 1311 4134 temporum
1329 4073 1445 4121 inlustris
1463 4073 1511 4120 viri
1530 4072 1640 4134 Paulini,
1662 4074 1733 4122 curlus
1752 4089 1828 4136 supra
1846 4076 1949 4123 iacimus
1968 4088 2042 4123 men·

410 4161 513 4221 tionem,
535 4159 679 4220 exemplum
698 4160 842 4222 ingerebat,
863 4161 906 4220 qui
925 4160 1030 4207 summis
1049 4159 1138 4222 opibus
1157 4160 1261 4207 abiectis
1280 4159 1408 4208 Christum
1426 4163 1528 4208 secutus
1546 4159 1613 4208 solus
1631 4173 1711 4221 paene
1730 4160 1769 4208 his
1788 4163 1942 4223 temporibus
1961 4175 2042 4210 euan-

410 4245 487 4304 gelica
506 4248 637 4306 praecepta
655 4247 810 4307 ccupieseet:
831 4245 903 4293 illum
923 4247 993 4294 uobis
1013 4245 1177 4307 sequendum,
1199 4247 1272 4293 illurn
1290 4247 1411 4294 clamabat
1427 4244 1592 4294 imitandum:
1625 4245 1658 4306 (5)
1679 4246 1831 4308 beatumque
1849 4261 1904 4296 esse
1922 4261 2042 4310 praeseus

411 4333 538 4379 saeculum
558 4337 642 4379 tantae
661 4332 717 4379 ildei
738 4332 889 4393 virtutisque
909 4332 1067 4395 documento,
1087 4347 1145 4380 cum
1163 4332 1301 4380 secuudum
1319 4333 1471 4381 senteutiam
1489 4331 1586 4380 domini
1604 4331 1673 4379 dives
1691 4337 1718 4380 et
1736 4335 1867 4395 possidens
1884 4336 1965 4382 multa
1978 4349 2042 4384 ven-

411 4418 491 4464 dendo
509 4417 591 4464 omnia
609 4423 636 4464 ct
655 4417 735 4465 dando
752 4419 914 4479 pauperibus,
936 4420 1000 4480 quod
1019 4423 1071 4467 erat
1089 4420 1158 4466 iactu
1176 4418 1335 4480 inpossibile,
1355 4419 1476 4481 possibile
1494 4419 1597 4466 iecisset
1614 4420 1739 4481 exemplo.

480 4503 523 4563 95,
542 4506 558 4550 6
577 4504 629 4550 Iam
642 4517 699 4552 uero
712 4505 737 4551 iu
751 4504 833 4551 verbis
846 4508 872 4550 et
885 4505 1084 4553 contabulatione
1101 4506 1128 4566 (a.
1143 4520 1167 4552 u.
1182 4506 1241 4568 391)
1258 4507 1313 4553 eius
1326 4510 1420 4567 quanta
1432 4506 1548 4566 grauitas,
1564 4510 1657 4567 quanta
1668 4505 1780 4566 dignitas
1792 4511 1858 4555 erati
1879 4519 1953 4568 quam
1966 4520 2042 4555 acer

413 4588 474 4652 (BN
479 4589 503 4650 V,
525 4590 605 4638 alacer
623 4591 696 4651 AF),
722 4605 797 4652 quam
822 4593 911 4640 siticen
938 4597 1005 4654 erat,
1033 4605 1107 4653 quam
1127 4593 1153 4639 lu
1172 4593 1331 4640 absolvendis
1349 4593 1527 4654 scripturarum
1545 4593 1735 4654 quaestiouibus
1752 4597 1882 4658 promptus
1900 4597 1926 4641 et
1942 4593 2040 4642 iacilisi

415 4676 448 4738 (7)
469 4680 495 4723 et
507 4677 565 4738 quia
577 4676 669 4724 multos
682 4676 713 4724 ad
726 4677 790 4724 banc
807 4682 903 4739 partem
922 4677 1063 4726 incredulos
1081 4678 1141 4738 seio,
1161 4679 1256 4740 quippe
1269 4663 1331 4739 quos
1344 4677 1450 4726 viderim
1463 4679 1571 4741 meipso
1583 4679 1658 4727 etiam
1670 4680 1796 4728 asistente
1808 4693 1858 4728 nco
1870 4679 1978 4740 eredere,
1999 4681 2043 4728 Ie·

481 4951 530 5001 ³62
549 4952 644 5001 bomini
664 4951 730 5020 ΡΗ]
749 4953 857 5001 bominis
876 4952 942 5012 BL',
964 4953 1077 5001 homines
1096 4953 1167 5001 Nus
1280 4955 1330 5003 366
1349 4956 1450 5003 saeculo
1468 4954 1492 5001 N
1594 4953 1642 5002 367
1662 4954 1736 5002 uellit
1756 4955 1779 5002 P
1880 4955 2001 5017 olimpum
2021 4958 2042 5005 L

412 5038 462 5088 368
481 5040 533 5098 agri
552 5053 601 5087 cm.
616 5039 638 5085 B
752 5042 794 5089 uel
814 5041 911 5088 nummi
932 5035 985 5105 PL]
1005 5041 1096 5101 uelque
1115 5041 1211 5088 rrummi
1232 5040 1290 5102 Nili,
1311 5042 1353 5088 uel
1371 5054 1435 5102 quau
1453 5041 1551 5088 nummi
1570 5040 1611 5089 Bs
1733 5039 1868 5090 369-426
1887 5044 1915 5090 ln
1932 5043 1955 5089 B
1973 5048 1997 5091 et
2016 5044 2045 5090 M

412 5130 501 5174 iterum
519 5129 604 5187 scripti
621 5130 706 5174 extuat
725 5129 788 5174 inter
807 5127 844 5188 ΙΙ,
861 5127 910 5173 983
924 5129 946 5172 et
959 5127 1020 5187 985,
1042 5129 1069 5175 in
1086 5131 1186 5188 utroque
1201 5129 1283 5188 primu
1300 5141 1379 5174 muna
1396 5132 1425 5175 ut
1442 5127 1541 5175 uidetur
1558 5129 1646 5176 notuit.
1678 5114 1713 5174 13⁶
1731 5133 1754 5176 at
1773 5115 1815 5174 Ml
1832 5128 1934 5177 suetudo
1951 5129 1994 5177 udi
2012 5131 2043 5178 ub

414 5211 496 5258 B‘¹M“
514 5212 662 5260 dissentiunt
768 5211 817 5261 366
837 5214 931 5261 retinet
943 5199 1015 5274 MB⁶‚
1035 5212 1192 5260 retinebatS
1296 5213 1346 5262 370
1365 5214 1518 5262 descendere
1532 5210 1596 5278 ΡΝ]
1614 5213 1758 5263 discendere
1775 5215 1830 5263 reu.
1938 5214 1988 5264 ³72
2007 5218 2043 5264 tl·

412 5299 515 5347 tubabat
533 5297 557 5345 N
660 5300 704 5346 sui
722 5296 749 5344 lli
853 5297 902 5346 373
922 5298 1016 5346 deiecit
1036 5298 1060 5346 N
1162 5313 1210 5361 sup
1227 5299 1256 5348 8¹
1362 5299 1411 5348 374
1431 5303 1513 5361 uergit
1532 5297 1566 5346 L²
1669 5301 1822 5348 cumulatam
1841 5296 1875 5365 L]
1893 5301 2043 5350 comulatam

414 5385 443 5446 P,
462 5385 589 5435 cumulata
607 5386 662 5433 rell.
771 5383 820 5432 375
840 5384 946 5431 eritbeca
966 5380 998 5450 P]
1016 5388 1104 5432 errteca
1123 5382 1165 5445 L²‚
1187 5387 1293 5446 emptica
1310 5388 1365 5434 cett.
1484 5385 1534 5434 376
1552 5399 1691 5434 bavararu
1710 5399 1863 5434 rursusne!
1883 5386 1907 5434 N
2010 5389 2044 5436 il·

413 5471 537 5520 lustris&
676 5470 725 5519 377
749 5484 798 5532 qrrc
817 5466 880 5535 stt]
904 5471 948 5531 qui
966 5471 1019 5518 rell.
1162 5475 1280 5520 antestite
1299 5471 1350 5518 PM
1486 5471 1537 5521 378
1562 5472 1634 5520 sedet
1653 5470 1720 5539 ΡΗ]
1745 5473 1811 5521 sedit
1828 5473 1882 5522 rell.
1906 5473 1980 5533 (redit
1998 5462 2043 5538 Bt)

411 5556 461 5606 379
479 5557 547 5604 diuis
568 5555 613 5602 Mt
727 5557 864 5619 locupletos
883 5555 1037 5605 P¹corcP¹
1160 5557 1209 5606 385
1229 5557 1354 5617 syderaS
1470 5557 1520 5606 386
1538 5559 1774 5619 euuangeiicumP
1876 5560 1993 5621 inplente
2012 5559 2046 5628 P]

410 5644 532 5704 implente
551 5642 644 5688 NLMN
747 5642 798 5690 368
817 5644 911 5690 tramiti
935 5643 957 5691 N
