4536 6196
820 326 912 383 VITA
932 328 960 384 S.
982 325 1142 382 NARTINI
1161 326 1233 381 LIB.
1254 327 1276 382 1.

565 539 606 583 en
630 517 735 583 subito
757 515 912 614 Martinus
935 517 1029 583 adest
1050 516 1106 599 qni
1128 515 1232 582 defuit
1254 518 1383 582 absens.

565 642 640 689 ecce
662 620 747 687 redit
769 621 891 706 pietas,
917 621 1002 687 redit
1024 626 1056 685 et
1078 618 1173 686 simul
1197 641 1270 685 arra
1293 621 1419 687 salutis.

565 746 642 809 ergo
665 725 720 790 nbi
742 723 911 810 conspexit
933 723 1076 808 gelidum
1098 723 1140 789 de
1163 723 1254 790 febre
1278 724 1431 806 cadaver,

564 828 621 894 flet
642 828 742 912 gemit
765 827 902 893 accurrit
924 827 1011 892 dolet
1036 826 1157 892 heiulat
1180 828 1282 893 uritur
1302 826 1409 911 angit,

564 932 811 1016 concipiensque
833 929 930 995 fidem
953 930 1037 995 ceila
1058 950 1170 996 omnes
1191 930 1286 997 iussit
1306 932 1397 998 abire

564 1034 764 1118 exclusitque
787 1033 864 1098 ioris
887 1031 1027 1114 foribus,
1053 1033 1122 1098 sine
1144 1039 1228 1099 teste
1251 1034 1401 1114 relietns;

563 1144 630 1203 tum
654 1157 750 1222 snper
772 1135 911 1219 algentis
935 1155 1049 1220 eorpus
1071 1135 1280 1220 prostemitur
1301 1136 1437 1219 ardeus,

562 1242 680 1307 indicis
703 1247 849 1322 exactor,
876 1245 1043 1305 revomant
1065 1245 1100 1304 ut
1121 1240 1259 1304 Tartara
1282 1239 1437 1307 functum.

562 1346 686 1411 interea
708 1343 847 1428 geminis
871 1343 976 1427 spatio
999 1349 1179 1408 remorante
1203 1345 1262 1409 sub
1286 1344 1374 1409 horis

563 1469 638 1515 eece
661 1448 744 1514 redit
765 1446 884 1530 facies,
911 1446 1031 1512 saliunt
1052 1465 1111 1530 per
1133 1447 1276 1511 membra
1298 1467 1453 1532 vapores,

563 1558 628 1617 stat
650 1551 745 1616 rubor
766 1550 842 1615 inde
865 1549 976 1633 genis,
1002 1549 1113 1613 oculos
1135 1548 1260 1633 pupilla
1282 1549 1439 1634 repingit,

563 1673 673 1720 rursus
695 1660 728 1718 et
748 1653 888 1718 insertus
911 1658 1045 1717 renovat
1067 1652 1249 1736 specularia
1270 1653 1377 1736 visus,

562 1778 646 1822 vena
667 1763 770 1823 tumet
790 1756 867 1821 rivis
890 1754 1032 1820 animato
1054 1754 1141 1820 fonte
1164 1756 1296 1821 cruoris.

561 1861 718 1946 paulatim
741 1859 888 1942 adsurgit
909 1858 1034 1923 fabrica
1055 1858 1213 1926 titubante
1236 1860 1386 1925 columna

563 1965 758 2048 erigiturque
780 1963 891 2029 iacens
913 1962 1034 2047 pariter
1055 1961 1169 2027 domus
1191 1968 1224 2028 et
1246 1982 1323 2029 suus
1346 1962 1483 2048 hospes,

561 2069 633 2152 ipse
656 2068 772 2132 iterum
795 2073 867 2151 post
889 2085 924 2131 se
947 2066 1077 2146 vivens,
1103 2065 1190 2131 idem
1213 2073 1324 2132 auctor
1346 2074 1379 2132 et
1400 2067 1505 2132 heres.

562 2172 617 2254 qui
640 2170 805 2236 redivivus
827 2169 874 2235 ait
896 2188 931 2235 se
953 2169 1071 2234 iudicis
1095 2175 1169 2235 ente
1192 2169 1332 2236 tribunal

562 2275 691 2340 ductum
715 2272 950 2354 damnandnm,
976 2272 1112 2338 Martino
1135 2279 1246 2339 orante
1269 2273 1446 2340 reductum.

648 2376 795 2462 Lupicini
818 2376 946 2442 demum
970 2376 1117 2441 celerans
1140 2377 1216 2441 dnm
1238 2377 1393 2462 praeterit
1415 2398 1547 2461 agrum,

562 2482 721 2566 conperit,
748 2480 828 2563 ben,
855 2479 1011 2545 famulum
1035 2480 1158 2545 erudeli
1180 2479 1293 2546 funere
1314 2487 1458 2565 raptum,

561 2584 712 2651 elidendo
735 2603 829 2650 snum
851 2582 921 2649 fera
943 2603 1001 2668 per
1023 2584 1202 2667 suspendia
1222 2584 1358 2665 collnrn,

562 2688 762 2772 accessitque
785 2687 840 2752 ubi
862 2685 909 2751 sio
931 2687 1016 2752 mele
1039 2686 1182 2770 pendula
1204 2687 1325 2771 praeda
1346 2686 1490 2770 iacebat,

562 2791 686 2875 expulit
707 2790 782 2854 binc
804 2795 953 2870 cunctos,
980 2789 1068 2854 solus
1091 2789 1187 2854 solita
1208 2810 1299 2854 arma
1321 2790 1499 2873 requirens.

559 2894 705 2960 incubuit
727 2913 825 2977 snper
846 2891 1004 2958 exanimis
1026 2892 1183 2976 pallentia
1205 2894 1365 2976 membra,

461 3020 508 3060 rsa
561 3005 594 3065 et
615 2997 732 3083 premit
752 3017 828 3061 area
850 2995 933 3060 sacri
956 2995 1040 3060 buno
1062 3015 1103 3060 ne
1125 3003 1250 3080 premat
1272 3017 1347 3061 aree
1369 2997 1541 3081 sepulchri.

561 3121 635 3167 mox
658 3107 764 3166 tamen
788 3119 843 3165 ore
865 3118 992 3184 precem
1016 3105 1051 3164 nt
1071 3099 1211 3164 viventis
1233 3099 1322 3166 misit
1342 3101 1376 3165 in
1399 3120 1526 3182 aurem,

224 3325 281 3359 cnm
300 3311 476 3374 pertriduum
495 3311 633 3370 defuisset,
660 3323 788 3370 regressus
806 3309 922 3358 exanime
940 3322 1029 3372 corpus
1047 3309 1160 3358 invenit:
1187 3311 1223 3358 its
1239 3311 1323 3358 subita
1341 3323 1406 3359 mora
1422 3307 1518 3372 fuerat,
1544 3315 1575 3358 ut
1592 3312 1685 3373 absque
1704 3313 1854 3374 baptismate

225 3397 343 3445 humanis
362 3399 437 3445 rebus
455 3396 598 3446 excederet.
636 3410 724 3458 corpus
748 3396 775 3443 in
801 3394 882 3444 medio
905 3395 1014 3457 positum
1037 3394 1106 3442 tristi
1129 3396 1295 3443 maerentium
1318 3397 1423 3444 fratrum
1447 3397 1653 3458 frequentabatur
1675 3397 1770 3460 officio,
1797 3413 1852 3447 curn

223 3483 347 3531 Martinus
359 3484 422 3531 fiens
435 3487 461 3531 et
474 3483 572 3531 eiulans
585 3483 700 3531 accurrit.
741 3481 774 3544 (3)
795 3485 851 3529 tum
869 3493 926 3528 vero
944 3485 996 3528 tota
1014 3487 1129 3528 sanctum
1145 3482 1262 3542 spirltum
1275 3486 1360 3530 mente
1378 3483 1569 3544 concipiens
1587 3483 1670 3543 egredi
1682 3484 1805 3546 cellulam,
1826 3485 1853 3533 in

224 3582 273 3629 qna
292 3583 380 3630 corpus
399 3570 510 3630 iacebat,
537 3573 630 3618 ceteros
648 3569 734 3630 iubet,
760 3581 787 3615 ac
806 3567 902 3615 foribus
920 3566 1040 3615 obseratis
1058 3580 1134 3628 snper
1151 3569 1293 3615 exanimata
1310 3568 1424 3616 defuncti
1442 3569 1527 3617 fratris
1546 3571 1656 3618 membra
1676 3571 1852 3631 pmsternitur.

209 3657 250 3701 ,et
273 3668 330 3702 cum
356 3655 511 3717 aliquamdiu
535 3657 639 3704 orationi
657 3655 816 3703 incubuisset
834 3654 1009 3714 sensissetque
1026 3666 1072 3714 per
1090 3653 1209 3715 spiritum
1227 3653 1323 3702 domini
1340 3654 1426 3702 adesse
1444 3656 1581 3716 virtutem,
1606 3661 1703 3705 erectus
1721 3657 1853 3719 paululum

223 3746 249 3788 et
273 3741 299 3788 in
325 3741 439 3790 defuncti
463 3754 504 3789 ors
522 3741 636 3802 defixus,
662 3741 781 3790 erationis
805 3753 865 3789 susa
887 3753 915 3787 ac
937 3737 1122 3788 misericordiae
1146 3740 1241 3789 domini
1262 3741 1407 3804 intrepidus
1431 3744 1579 3805 expectabat
1602 3747 1736 3793 eventum:
1761 3744 1854 3805 vixque

222 3825 329 3873 duarum
349 3827 402 3875 fere
420 3827 536 3875 horarum
554 3830 664 3889 spatium
682 3827 867 3888 intercesserat,
888 3825 959 3873 uidet
976 3825 1123 3874 defunctum
1141 3827 1264 3889 paulatim
1283 3827 1401 3876 membris
1419 3828 1536 3876 omnibus
1554 3830 1701 3877 commereri
1719 3834 1746 3876 et
1762 3829 1854 3878 laxatis

222 3913 249 3959 in
268 3925 345 3960 usum
364 3913 465 3961 ridendi
484 3913 604 3976 palpitare
622 3915 769 3962 luminibus.
812 3913 843 3974 (4)
865 3918 920 3960 tum
937 3925 996 3960 vero
1013 3925 1103 3973 magna
1121 3913 1151 3960 ad
1170 3912 1299 3962 dominum
1317 3927 1376 3962 voce
1394 3925 1527 3962 conversus
1545 3915 1636 3973 gratiss
1648 3929 1724 3975 agens
1736 3915 1853 3964 cellulam

223 3998 329 4046 clamore
348 3999 524 4061 conplererst:
545 4013 593 4062 quo
612 3999 697 4048 andito
716 4001 759 4060 qui
778 4012 822 4060 pro
840 3999 934 4046 foribus
952 3999 1104 4047 adstiterunt
1121 3999 1207 4047 statim
1224 4001 1342 4048 inruunt.
1380 4001 1472 4048 mirum
1491 4000 1675 4062 spectaculum,
1696 4000 1762 4063 qnod
1780 4001 1853 4049 vide-

222 4086 284 4132 bant
302 4086 400 4146 rirere,
423 4100 497 4148 quem
516 4091 641 4135 mortuum
660 4087 832 4148 reliquissent.
872 4087 905 4146 (5)
927 4087 964 4133 ita
982 4084 1097 4134 redditus
1115 4086 1195 4143 ritae,
1223 4087 1309 4134 statim
1326 4088 1480 4149 baptismum
1497 4091 1646 4135 consecutus
1664 4087 1749 4148 plures
1766 4091 1854 4149 postea

224 4171 289 4219 vixit
308 4185 397 4234 annos,
416 4173 563 4233 primusque
581 4173 647 4234 apud
666 4185 712 4220 nos
727 4171 829 4219 Martini
848 4172 971 4218 virtutum
989 4171 1028 4218 rel
1047 4172 1150 4219 materia
1168 4171 1208 4220 rel
1226 4173 1400 4220 testimenium
1418 4173 1477 4242 fuit.
1519 4173 1550 4236 (6)
1572 4173 1639 4221 idem
1658 4177 1742 4221 tamen
1760 4174 1854 4221 referre

223 4261 278 4304 erat
296 4257 392 4320 solitus,
414 4272 441 4306 se
460 4271 558 4319 corpore
576 4265 681 4306 exutum
701 4257 730 4306 sd
751 4257 862 4305 tribunal
880 4257 973 4305 iudicis
991 4257 1095 4304 ductum
1115 4257 1338 4320 disputandumque
1356 4259 1468 4307 obscuris
1486 4259 1547 4308 locis
1565 4264 1591 4307 et
1608 4259 1753 4320 vulgaribus
1771 4260 1853 4308 turbis

223 4345 322 4391 tristem
341 4346 472 4405 excepisse
490 4345 653 4391 sententiam:
682 4350 736 4392 tum
760 4357 805 4406 per
827 4343 889 4391 duos
912 4344 1013 4406 angelos
1033 4343 1114 4391 iudici
1135 4344 1215 4392 fuisse
1237 4349 1398 4405 suggestum,
1424 4345 1492 4394 lrnnc
1514 4359 1570 4394 essa
1593 4359 1637 4408 pro
1661 4357 1710 4408 quo
1728 4345 1853 4395 Martinus

225 4432 322 4478 oraret:
342 4430 379 4477 ita
397 4442 442 4490 per
460 4430 558 4478 eosdem
577 4429 678 4490 angelos
695 4444 723 4478 se
741 4431 837 4478 iussum
855 4429 941 4478 reduci
959 4434 985 4478 st
1002 4428 1110 4478 Martino
1128 4429 1253 4478 redditum
1272 4431 1389 4492 vitaeque
1406 4431 1529 4493 pristinae
1546 4433 1703 4482 restitutum.

291 4518 317 4574 8,
341 4518 353 4561 1
379 4513 431 4563 Nec
448 4515 528 4563 multo
545 4520 615 4579 post,
642 4516 704 4564 dum
720 4529 806 4575 agnum
826 4516 944 4579 Lupicini
962 4514 1092 4564 cuiusdam
1110 4515 1224 4564 honerati
1243 4517 1382 4565 secundnm
1400 4518 1528 4566 saeculum
1546 4518 1593 4565 riri
1614 4519 1775 4580 praeteriret,
1802 4519 1854 4566 cia-

223 4615 290 4650 more
310 4605 337 4648 et
354 4601 424 4649 luctu
443 4603 532 4650 turbae
550 4602 695 4664 plangentis
714 4602 849 4663 excipitur.
891 4603 923 4664 (ι)
945 4601 975 4649 ad
994 4609 1069 4662 quarn
1086 4615 1145 4650 curn
1163 4602 1286 4651 sollicitus
1303 4603 1443 4652 adstitisset
1461 4607 1487 4652 ct
1504 4604 1563 4665 quis
1580 4608 1649 4652 esset
1665 4603 1707 4652 hic
1725 4605 1801 4653 fletus
1813 4605 1852 4652 in·

295 4943 341 4993 161
362 4945 477 4992 defuerat
494 4941 541 5002 1²2,
562 4945 646 4991 fuerat
666 4944 688 4990 N
795 4943 842 4995 162
862 4947 938 4993 isrnui
957 4951 984 4994 ot
1001 4945 1066 4994 redit
1081 4944 1112 4992 T¹
1124 4961 1153 4994 es
1165 4961 1239 5002 com,
1256 4947 1278 4993 F
1383 4945 1430 4996 163
1449 4949 1594 5009 conspecxit
1612 4947 1637 4995 N
1739 4950 1852 5009 genitum

224 5029 328 5078 NL¹MS
443 5029 491 5078 tul
511 5030 606 5078 heiulet
625 5029 690 5090 Mts,
711 5031 792 5078 ululat
812 5032 835 5078 N
855 5033 958 5090 (belulat
975 5033 1040 5093 rell.)
1159 5032 1207 5081 165
1226 5034 1434 5096 conspiciensque
1453 5031 1557 5082 BL¹NS
1661 5035 1748 5082 cellam
1767 5049 1853 5084 omnes

225 5116 281 5179 Liri,
309 5116 399 5164 cellula
416 5129 503 5166 omnes
526 5115 553 5174 T,
580 5129 666 5164 omnes
685 5116 775 5163 cellula
794 5118 816 5162 F
936 5117 984 5166 166
1003 5119 1173 5181 exelussitque
1194 5118 1218 5165 N
1341 5118 1386 5168 167
1407 5125 1469 5167 tnnc
1490 5119 1530 5182 (T)
1657 5119 1704 5169 168
1723 5128 1853 5171 remouant

224 5201 280 5250 NT¹
296 5205 366 5265 (corr.
384 5200 423 5264 Ti)
440 5197 478 5247 1²²
584 5199 631 5249 170
650 5202 763 5249 saliuunt
783 5202 806 5248 N
910 5204 1052 5264 uaporisP
1166 5204 1210 5253 171
1232 5202 1384 5272 statmbor]
1403 5205 1639 5254 aeltruborsr'cN
1744 5206 1792 5256 172
1812 5210 1852 5256 in-

223 5295 311 5338 sertus
330 5287 361 5336 Pl
374 5301 436 5335 corr.
454 5285 493 5349 Pi,
513 5286 624 5334 inferius
643 5284 672 5332 Μ
805 5287 853 5336 175
872 5291 1031 5351 eregiturque
1052 5291 1073 5337 Τ
1203 5305 1275 5353 ospes
1296 5291 1320 5338 N
1455 5289 1593 5340 illiniens
1613 5291 1659 5354 Μ’,
1682 5294 1789 5341 ueniens
1809 5293 1853 5342 Bi.

226 5376 273 5425 177
293 5372 494 5423 redeninurPN
599 5369 733 5419 179-197
753 5385 800 5422 om.
824 5374 847 5421 N
867 5375 899 5434 (v.
920 5374 1063 5437 edant)
1174 5375 1613 5438 llilxrlrf,1xT,spnt.vuc.F
1716 5378 1763 5428 180
1785 5380 1854 5441 (eou-

222 5464 288 5525 perit
307 5461 346 5520 Ml
471 5454 735 5518 retorpescunt
851 5459 899 5510 182
919 5458 965 5527 sie]
983 5464 1086 5510 tunel*
1199 5464 1263 5512 male
1282 5461 1383 5530 PFBL]
1401 5464 1466 5512 maia
1486 5464 1554 5512 7618
1671 5463 1719 5514 183
1737 5463 1852 5534 cunctos]

221 5553 310 5598 cantus
330 5546 386 5594 stt
491 5541 685 5606 requasrensT
794 5543 840 5594 iss
858 5549 970 5596 exanimi
989 5550 1011 5594 F
1116 5549 1163 5600 185
1181 5563 1214 5598 nc
1232 5556 1328 5612 premat
1349 5547 1438 5618 TLBl]
1456 5564 1489 5598 ue
1506 5552 1599 5614 primat
1618 5551 1729 5613 PFB¹M,
1756 5568 1788 5602 ne
1807 5555 1851 5604 ds-

224 5634 352 5698 priuratS
459 5630 506 5682 186
525 5631 646 5678 uiuentes
665 5625 695 5676 ΡΙ
