4536 6196
808 335 901 391 VITA
921 337 948 391 S.
969 337 1132 392 MAR'PINI
1150 338 1222 392 LIB.
1244 338 1279 392 11.

566 523 777 608 depositoque
800 546 896 592 onere
919 527 1066 594 ascendit
1086 529 1164 612 quia
1186 528 1269 594 liber
1289 528 1322 592 in
1346 548 1452 593 arcem

464 649 486 686 .‹
565 628 776 712 exemploque
798 649 931 696 mouens
953 639 1047 697 vocat
1068 632 1166 697 altius
1188 632 1235 698 ire
1258 650 1426 714 sequaces.

650 732 720 796 Iam
743 753 869 816 quoque
891 734 1019 799 Martini
1042 756 1127 818 quae
1149 735 1261 801 fabula
1282 734 1410 801 fluxerit
1432 755 1504 817 ore,

564 854 648 918 quae
671 836 815 918 gravitas
838 836 950 921 fuerit,
977 859 1073 920 quam
1096 859 1188 922 acer,
1215 839 1256 905 de
1279 839 1352 922 iege
1375 838 1530 904 disertus!

566 939 713 1021 quaestio
735 960 796 1006 neo
817 940 912 1007 latuit
934 942 1067 1008 caelesti
1089 942 1158 1008 iure
1180 942 1333 1027 peritum:

566 1042 615 1106 vir
635 1061 780 1109 reserare
803 1044 916 1110 valens
938 1045 1162 1128 quodcumque
1185 1046 1337 1129 aenigma
1359 1051 1510 1128 negaret,

465 1165 509 1204 :r-
565 1146 688 1228 ingenii
712 1146 816 1213 duleis
838 1147 1009 1232 prudentia
1031 1148 1124 1232 larga
1146 1148 1348 1230 redundans,

567 1250 655 1316 fonte
677 1272 817 1336 perenne
839 1251 953 1318 bibens
975 1251 1062 1335 quod
1084 1253 1207 1318 rivulus
1229 1252 1286 1318 ilie
1308 1252 1444 1336 rigaret,

567 1373 671 1419 sermo
694 1355 768 1439 pius
790 1362 955 1440 promptus
977 1354 1125 1440 placidus
1148 1362 1240 1422 catus
1262 1361 1357 1440 aptus
1379 1356 1536 1420 amandus

566 1458 697 1523 intentis
719 1459 852 1542 animis,
879 1459 963 1525 caeli
983 1477 1151 1544 possessor
1172 1459 1206 1524 in
1228 1460 1333 1542 arvis,

568 1562 707 1646 pervigil
729 1569 835 1629 orator
856 1562 1040 1629 mandando
1063 1563 1193 1647 negotia
1215 1563 1359 1644 Christo,

566 1664 682 1730 iudicis
704 1665 738 1731 in
760 1667 868 1731 vultus
888 1666 1020 1752 inopum
1043 1666 1242 1751 querimonia
1265 1666 1428 1751 pandens,

568 1769 679 1835 doctus
702 1769 736 1834 in
758 1776 827 1835 arte
850 1789 942 1835 sacra
964 1771 1151 1837 miserorum
1175 1791 1334 1855 exponere
1358 1789 1489 1850 causas,

567 1872 714 1939 adsertor
736 1873 882 1956 validus,
910 1894 1067 1958 superans
1090 1874 1161 1941 fora
1181 1875 1254 1940 iura
1275 1881 1418 1958 togatos,

567 1976 686 2041 nobilis
708 1976 904 2059 adstructor,
931 1976 1089 2044 facundus
1112 1978 1319 2043 continuator.

567 2080 621 2163 qui
644 2099 740 2165 prece
761 2080 893 2166 profusa
916 2080 1037 2146 domini
1058 2081 1246 2148 vadimonia
1269 2083 1403 2167 placans

502 2227 506 2241 .
568 2190 723 2266 quantum
745 2203 824 2249 voee
846 2184 960 2250 valens
983 2184 1090 2251 viduis
1113 2192 1209 2269 atque
1232 2185 1452 2268 orfanatroiis,

568 2287 659 2351 cuius
681 2287 808 2371 etipsa
830 2289 938 2372 polum
961 2288 1123 2354 taciturna
1145 2288 1275 2355 silentia
1298 2289 1446 2372 pulsant!

568 2409 658 2456 mens
681 2390 817 2457 fundata
839 2390 918 2473 deo,
945 2392 1014 2457 sine
1037 2391 1127 2476 inco,
1153 2393 1300 2478 proxima
1322 2393 1429 2474 caelo,

567 2496 632 2560 otia
653 2495 746 2560 nulla
766 2502 874 2562 terens
897 2502 930 2561 et
951 2496 1043 2561 nulla
1064 2497 1196 2580 negotia
1217 2496 1340 2576 carnis,

568 2598 726 2682 quidquid
746 2598 910 2682 agendum
933 2606 1019 2665 esset
1041 2604 1141 2666 totum
1164 2599 1319 2665 velociter
1339 2599 1483 2684 inplens:

567 2702 627 2768 sed
648 2723 738 2768 mora
760 2702 907 2768 Christus
930 2709 1016 2784 erat,
1042 2704 1203 2769 famulans
1226 2703 1288 2769 sibi
1310 2709 1402 2767 nocte
1426 2701 1557 2786 dieque,

566 2827 630 2872 non
652 2807 743 2872 cibus
766 2812 799 2871 et
821 2826 951 2871 somnus
973 2807 1038 2873 nisi
1059 2807 1145 2890 quod
1167 2814 1282 2872 natura
1304 2814 1470 2873 necessat:

566 2909 677 2977 tardus
700 2910 802 2992 edax,
829 2909 924 2974 velox
947 2910 1087 2994 vigilans
1111 2930 1221 2995 sopor,
1248 2930 1325 2977 esca
1347 2912 1407 2976 sub
1429 2912 1512 2992 ictu,

566 3034 627 3080 nec
648 3013 770 3079 faceret
792 3012 854 3079 nisi
876 3014 963 3096 quod
986 3014 1056 3080 sine
1078 3014 1129 3080 his
1153 3034 1227 3080 earo
1251 3015 1360 3080 vivere
1383 3014 1501 3092 nescit3

566 3125 693 3203 tempus
716 3124 886 3200 utnrmque
909 3117 1021 3185 dicans
1046 3118 1153 3184 causis
1175 3117 1350 3203 repetendo
1373 3118 1517 3184 duabus:

566 3221 661 3288 ieetio
682 3241 768 3288 nunc
790 3239 946 3287 resonans
969 3221 1050 3305 sibi,
1077 3242 1162 3286 nuno
1184 3220 1285 3287 oratio
1308 3240 1455 3300 currens3

567 3325 658 3391 cuius
681 3332 749 3391 erat
771 3324 901 3408 requies
923 3333 1047 3392 tantum
1070 3332 1194 3392 mutare
1216 3325 1356 3391 iabores.

228 3531 284 3566 sum
303 3522 382 3566 testor
400 3533 521 3581 spemque
539 3531 696 3569 communem
715 3533 755 3568 me
774 3533 806 3568 ex
824 3520 920 3567 nullius
938 3533 1056 3582 umquam
1074 3533 1116 3568 ore
1134 3523 1234 3568 tsutmn
1253 3519 1382 3582 scientiae,
1403 3523 1504 3568 tantum
1523 3521 1620 3580 ingenii
1633 3521 1691 3568 boni
1704 3525 1730 3568 et
1743 3525 1794 3568 tarn
1806 3523 1864 3583 puri

230 3604 352 3652 sermonis
370 3605 480 3653 audisse.
522 3607 554 3667 (8)
583 3619 734 3669 quamquam
759 3607 787 3654 in
805 3605 909 3655 Martini
927 3607 1064 3656 virtutibus
1081 3606 1203 3668 quantula
1220 3611 1259 3654 est
1277 3607 1327 3654 ista
1343 3605 1469 3654 laudatio!
1500 3608 1550 3655 nisi
1569 3606 1634 3669 quod
1652 3606 1745 3654 mirum
1764 3611 1803 3654 est
1821 3607 1866 3656 ho·

230 3691 293 3739 mini
311 3691 452 3740 inlitterato
470 3705 503 3740 ne
520 3692 584 3742 hanc
601 3693 704 3756 quidem
722 3693 826 3754 gratiam
845 3693 966 3741 defuisse.
1009 3693 1058 3756 (96,
1080 3695 1104 3752 1)
1131 3693 1174 3741 aad
1200 3695 1252 3741 ism
1277 3693 1354 3741 finem
1378 3692 1442 3741 liber
1460 3694 1584 3754 postulat,
1612 3706 1692 3741 sermo
1711 3692 1865 3741 claudendus

231 3782 278 3838 cst,
299 3791 349 3826 non
368 3779 435 3840 quod
453 3780 546 3839 omnia,
567 3793 631 3841 quae
649 3779 679 3828 de
698 3779 806 3828 Martiae
825 3780 919 3828 inerint
937 3780 1051 3840 dicenda,
1072 3779 1226 3840 defecerint,
1248 3780 1292 3827 sed
1310 3781 1369 3841 quis
1387 3792 1447 3842 uos,
1468 3785 1498 3829 nt
1515 3781 1611 3828 inertes
1629 3783 1730 3840 poetae,
1752 3783 1865 3828 extremo

231 3864 257 3910 in
283 3877 356 3926 opere
380 3866 556 3928 neclegentes,
582 3867 642 3915 vieti
661 3868 779 3916 materiae
798 3867 862 3915 mole
882 3867 1076 3916 succumbimus.
1118 3865 1151 3927 (9)
1174 3879 1232 3914 nam
1252 3867 1300 3914 etsi
1318 3867 1383 3914 iacta
1402 3866 1471 3914 iilius
1490 3865 1611 3928 explicari
1629 3867 1711 3915 verbis
1730 3875 1866 3927 utcumque

232 3955 385 4012 potnerunt,
404 3952 549 4000 interiorem
568 3954 645 4001 vitam
664 3953 735 4004 illius
753 3959 780 4002 et
797 3953 1012 4002 conversationem
1029 3952 1177 4002 cotidianam
1195 3957 1222 4001 et
1240 3954 1352 4000 animum
1370 3952 1438 4000 eaelo
1457 3966 1556 4015 semper
1573 3955 1702 4001 intentum
1722 3952 1790 4000 nulla
1809 3967 1865 4000 um-

232 4049 306 4098 quam
324 4064 358 4074 -
376 4053 435 4088 vere
452 4039 568 4102 profiteor
586 4065 620 4074 -
638 4040 709 4089 nulla
727 4040 866 4103 explicabit
883 4040 968 4088 oratio.
1006 4039 1075 4086 illam
1100 4038 1198 4088 scilicet
1221 4040 1435 4100 perseuerantiam
1453 4044 1480 4087 et
1497 4043 1722 4100 temperamentum
1741 4041 1767 4086 in
1786 4040 1865 4086 abati-

233 4125 321 4171 nentia
339 4130 365 4172 et
383 4126 410 4173 in
427 4126 548 4188 ieiuniis,
575 4129 714 4189 potentiam
733 4128 759 4176 in
778 4127 872 4187 vigiliis
892 4130 917 4174 et
935 4126 1108 4187 orationibus,
1138 4131 1274 4187 noctesque
1296 4127 1373 4174 abeo
1392 4125 1496 4187 perinde
1514 4140 1542 4173 ao
1560 4125 1613 4174 dies
1631 4131 1699 4173 actas
1718 4125 1867 4186 nullumque

234 4222 339 4258 vaenum
358 4213 390 4260 ab
407 4225 481 4273 opere
499 4213 541 4262 dei
559 4217 668 4276 tempus,
690 4228 739 4277 qno
757 4215 796 4261 vel
815 4214 866 4262 otio
884 4214 1022 4261 indulserit
1040 4211 1080 4260 vei
1098 4213 1204 4274 negotio,
1226 4212 1270 4261 sed
1288 4225 1321 4260 ne
1339 4214 1393 4260 cibo
1412 4212 1514 4273 quidem
1532 4216 1576 4259 aut
1593 4224 1694 4272 somno,
1716 4211 1765 4258 nisi
1785 4224 1866 4272 qnan-

234 4299 288 4343 tum
307 4301 411 4346 naturae
430 4301 567 4349 necessitas
585 4302 696 4361 cogebat,
717 4314 774 4349 vere
793 4301 896 4360 fatebor,
916 4313 967 4348 nou
986 4300 1007 4347 si
1025 4299 1090 4364 ipse,
1111 4304 1141 4347 nt
1158 4299 1239 4360 aiunt,
1260 4301 1291 4347 ab
1307 4299 1396 4347 inieris
1410 4299 1534 4346 Homerus
1552 4303 1696 4358 emergeret,
1718 4302 1802 4360 posset
1819 4311 1865 4344 ex-

235 4395 341 4443 ponere:
369 4385 401 4447 (3)
423 4385 483 4434 adeo
495 4387 579 4435 omnia
597 4389 690 4436 maiora
709 4389 734 4435 in
748 4387 857 4434 Martino
876 4390 944 4450 sunt,
966 4400 1040 4449 quam
1059 4391 1089 4435 nt
1107 4387 1190 4434 uerbis
1209 4387 1305 4448 concipi
1322 4391 1423 4448 queant.
1453 4397 1588 4446 numquam
1606 4386 1666 4433 bora
1684 4385 1736 4431 ulls
1754 4397 1866 4431 momen-

236 4473 340 4531 tumque
358 4473 503 4536 praeteriit,
529 4487 578 4536 quo
597 4488 646 4522 non
664 4479 708 4522 ant
726 4475 831 4522 orationi
851 4473 1009 4522 incumberet
1026 4478 1071 4522 aut
1088 4475 1220 4521 insisteret
1236 4473 1351 4534 lectioni,
1380 4485 1529 4533 quamquam
1554 4471 1628 4519 etiam
1651 4472 1717 4518 inter
1734 4469 1866 4528 legendum

235 4561 279 4603 aut
297 4559 319 4605 si
339 4558 398 4619 quid
417 4558 485 4608 aliud
503 4560 568 4609 iorte
587 4562 689 4622 agebat,
710 4575 848 4623 numquam
867 4562 979 4609 animum
997 4561 1028 4608 ab
1046 4561 1157 4608 oratione
1176 4559 1283 4606 laxabat.
1325 4559 1357 4619 (4)
1379 4559 1500 4606 nimirum
1519 4563 1549 4605 ut
1567 4558 1644 4605 fabris
1664 4557 1773 4604 ferrariis
1793 4557 1867 4603 moris

235 4648 281 4704 est,
303 4644 346 4705 qui
365 4646 433 4693 iuter
450 4646 604 4708 operandum
623 4649 790 4710 proquodam
809 4647 900 4696 laboris
919 4647 1043 4696 levamine
1062 4645 1180 4694 incudem
1199 4659 1268 4693 suam
1287 4645 1393 4706 feriunt,
1415 4646 1452 4692 ita
1469 4643 1592 4692 Martinus
1611 4644 1700 4701 etiam,
1722 4641 1781 4689 dum
1799 4640 1866 4689 aliud

306 4886 357 4936 383
375 4887 467 4937 bonore
486 4887 514 4936 N
635 4884 705 4954 quia]
724 4890 768 4950 qni
787 4887 857 4936 codd.
999 4887 1046 4936 331
1067 4901 1102 4934 nn
1121 4900 1324 4938 consensionum
1342 4899 1375 4934 ac
1393 4899 1474 4935 narra
1492 4899 1530 4933 nr·
1552 4887 1578 4946 (t.
1598 4899 1620 4932 s.
1640 4885 1672 4932 de
1691 4884 1821 4944 conloquio
1839 4898 1866 4931 ac

235 4975 371 5035 prudentia
383 4975 449 5036 eins)
470 4974 495 5022 N
597 4975 700 5023 tinxerit
713 4971 803 5040 Post]
822 4975 929 5024 duxerat
946 4976 1000 5024 reli.
1109 4973 1158 5022 392
1177 4971 1264 5041 quam]
1282 4973 1407 5037 questi,
1428 4987 1502 5035 quern
1516 4971 1601 5020 IFMS
1706 4967 1754 5018 333
1775 4983 1821 5017 uec
1835 4965 1867 5034 Ρ]

236 5073 286 5109 non
305 5059 392 5119 B'LS,
413 5075 461 5110 om.
480 5048 567 5108 1911Βῦ
680 5061 756 5108 latuit
774 5075 788 5108 s
810 5059 865 5123 M‘,
886 5063 963 5110 latuit
981 5063 997 5110 d
1015 5063 1049 5109 aia
1069 5048 1113 5107 Μὁ
1228 5062 1338 5122 peritum
1357 5055 1436 5125 PBL]
1454 5061 1536 5122 perito
1553 5058 1609 5109 rell.
1727 5055 1777 5103 335
1796 5060 1867 5102 retu-

237 5146 335 5194 dansP
437 5147 487 5196 331
507 5151 637 5210 promptus
651 5133 740 5212 LSBb]
759 5153 893 5209 prumptus
908 5147 987 5209 PNN,
1008 5147 1169 5211 pmmtusB⁰
1262 5145 1388 5195 cautusN
1478 5145 1591 5193 amandis
1605 5142 1635 5190 P·
1743 5141 1792 5189 338
1811 5154 1867 5203 pos-

237 5247 318 5282 sasser
338 5233 369 5295 N,
390 5247 520 5295 posseruor
539 5234 567 5281 Μ
571 5233 586 5260 ⁴¹
718 5231 768 5282 399
787 5235 900 5294 peruigel
920 5234 944 5281 N
1075 5233 1126 5282 430
1144 5230 1260 5300 inopum]
1281 5246 1419 5296 passorum
1437 5231 1470 5279 L¹
1593 5231 1753 5291 queremonia
1773 5226 1834 5276 NP²

237 5321 341 5368 mittens
361 5319 393 5367 Li
526 5319 577 5369 432
596 5321 649 5368 fora
666 5320 720 5367 iura
738 5324 833 5380 togatos
851 5317 896 5386 La]
915 5322 971 5368 iura
988 5323 1044 5369 iura
1062 5325 1158 5380 togatos
1177 5320 1204 5382 P,
1226 5325 1325 5368 oratura
1342 5322 1441 5378 togatus
1460 5320 1514 5366 rell.
1638 5316 1688 5364 433
1707 5317 1816 5363 adsertor
1835 5313 1864 5362 11¹

237 5407 288 5455 405
306 5407 483 5468 orphanotrotis
502 5394 546 5469 Bb,
566 5406 726 5454 orianotrosis
746 5393 789 5452 111ὗ
922 5407 971 5456 roi
991 5404 1048 5473 deo]
1066 5407 1163 5454 domino
1184 5407 1207 5454 N
1340 5403 1390 5453 433
1409 5405 1532 5466 quidquid
1549 5398 1613 5467 ΡΝ]
1635 5403 1755 5464 quicquid
1775 5403 1828 5451 retl.

235 5493 338 5554 inplens
359 5489 421 5560 ΡΝ]
439 5493 549 5554 implens
570 5490 641 5540 LMS
754 5491 804 5540 410
823 5493 928 5540 famulas
948 5493 970 5540 B
987 5494 1120 5554 utrubique
1138 5497 1151 5540 1
1172 5509 1204 5541 ns.
1324 5491 1369 5540 411
1392 5487 1455 5557 non]
1473 5505 1530 5538 nam
1550 5487 1715 5537 Momrnaeaaa
1819 5502 1866 5536 ne·

237 5593 306 5628 cesse
324 5585 363 5628 est
381 5576 423 5640 Li,
446 5583 562 5639 negasset
579 5577 612 5624 ΖΛ
718 5577 768 5627 412
787 5577 876 5627 tardus
894 5577 926 5625 ΡΙ
1031 5593 1102 5641 sopor
1120 5593 1190 5626 aesca
1210 5580 1260 5640 BL,
1282 5593 1367 5641 sopora
1386 5593 1442 5628 esea
1462 5563 1529 5624 NN⁶
1634 5575 1750 5624 subiecta
1770 5574 1799 5634 P,
1820 5575 1867 5622 sub

237 5665 344 5715 iactus
448 5666 498 5715 414
517 5664 633 5714 causaP
735 5665 797 5712 duas
816 5663 848 5711 P¹
952 5667 1002 5716 415
1022 5663 1164 5716 resonasP
