4478 6188
881 337 1113 396 PROOEIIIVII.

790 650 836 734 II.
868 647 980 734 VITA
1008 651 1044 735 S.
1074 648 1297 734 GERMANI.

312 837 419 906 Vitam
448 840 481 907 S.
508 837 662 906 Germani
690 838 887 906 Parisiorum
916 838 1062 926 episcopi
1090 860 1111 906 a
1136 841 1311 908 Fortunato
1340 839 1553 924 conscriptam
1583 857 1656 905 esse
1686 837 1862 923 Gregorius

226 962 325 1046 Tur,
350 963 393 1027 H.
417 962 472 1026 Fr.
497 961 535 1044 V,
563 963 581 1025 8
606 959 783 1028 testreet:
821 963 911 1043 Quis,
946 958 1062 1044 inquit,
1097 969 1241 1026 strenuus
1271 964 1400 1026 virtutes
1431 962 1531 1041 itlius,
1566 981 1644 1045 quos
1675 964 1707 1025 in
1737 983 1862 1046 corpore

223 1083 307 1165 feeit,
332 1085 458 1147 sortiere
480 1085 547 1146 vult
569 1085 735 1165 inquirere,
762 1083 875 1146 telonem
897 1086 979 1146 vitoe
1001 1084 1096 1165 iltius,
1123 1086 1176 1164 qui
1197 1105 1217 1145 u
1240 1086 1406 1145 Fortunato
1426 1081 1596 1163 presbitero
1618 1085 1790 1165 conpositus
1805 1091 1859 1165 est,

226 1207 326 1288 tepens
349 1212 458 1266 arneto
481 1206 642 1285 repperiet.
681 1202 796 1286 Neque
818 1201 1031 1268 dubitandum
1054 1208 1112 1284 est,
1140 1201 1216 1286 quin
1239 1221 1322 1287 quae
1344 1206 1450 1267 exstat
1472 1201 1547 1267 Vita
1563 1200 1717 1268 Germani
1733 1222 1774 1268 ea
1787 1202 1863 1288 ipsa

228 1322 279 1405 sit,
305 1341 402 1406 quam
426 1323 622 1388 Fortunatus
645 1321 791 1404 eonleeit,
818 1342 891 1388 eum
914 1329 947 1388 et
969 1341 1074 1388 sermo
1098 1327 1255 1407 eongruat
1276 1329 1310 1389 et
1331 1342 1415 1405 quae
1436 1321 1470 1387 in
1493 1321 1568 1388 Vita
1590 1341 1618 1387 o.
1636 1322 1698 1388 VII
1722 1323 1763 1389 de
1781 1321 1863 1389 Ger-

144 1525 150 1540 ?
226 1463 322 1510 mano
348 1443 397 1509 ‘in
419 1442 524 1526 figura
545 1441 663 1528 Moysi*
687 1440 857 1509 incedente
879 1443 983 1509 relata
1005 1448 1080 1508 sunt
1102 1463 1174 1509 eum
1196 1443 1303 1510 Carm.
1328 1442 1370 1526 Π,
1394 1445 1425 1526 9,
1445 1445 1485 1506 72
1509 1441 1629 1530 optime
1652 1443 1857 1510 conveniant:

227 1569 361 1648 Moyses,
395 1565 482 1629 ende
504 1585 616 1628 manus
639 1573 666 1628 et
689 1573 743 1627 tua
764 1572 869 1629 eostre
894 1568 994 1628 iuvas.
1042 1565 1142 1630 Poeta
1171 1564 1329 1630 nonnulla
1356 1563 1513 1630 miracula
1533 1563 1604 1649 ipse
1627 1563 1759 1647 vidit⁵l,
1793 1564 1862 1630 sive

225 1684 359 1750 Parisiis
382 1685 588 1752 constitutum
604 1683 802 1751 Germanum
824 1683 949 1768 aeliu),
974 1684 1044 1752 sive
1065 1684 1157 1750 illum
1172 1684 1316 1752 Pietatis
1338 1684 1497 1753 eonvenit.
1538 1684 1626 1751 Obiit
1644 1691 1752 1751 autem
1768 1703 1863 1752 sano-

225 1812 277 1872 tus
300 1805 332 1873 d.
360 1808 413 1872 28.
438 1805 515 1872 llai.
542 1825 573 1870 a.
600 1808 674 1889 576,
699 1811 773 1892 post
795 1804 889 1872 euius
910 1811 1044 1872 mortem
1067 1806 1262 1872 Fortunatus
1284 1806 1471 1884 memoriam
1494 1805 1580 1872 vitae
1603 1804 1792 1892 composuit.

316 1926 454 1994 Codioes
477 1945 576 1992 manu
598 1924 708 2012 seripti
730 1926 882 2011 permulti
905 1932 1088 2012 supersunt.

226 2047 252 2111 P
382 2047 494 2114 Codex
515 2046 775 2132 Petropolitanus
798 2048 836 2112 F.
855 2046 931 2113 Otd.
949 2047 977 2112 I.
1002 2068 1050 2112 nr.
1073 2050 1111 2110 12
1135 2045 1212 2113 olim
1234 2046 1450 2131 corbeiensis,
1476 2054 1552 2114 tuno
1574 2047 1864 2132 SangermanensIs
1911 2105 1912 2108 ,

433 2171 454 2216 a
482 2152 576 2217 Petro
599 2150 803 2236 Dubrowslry
833 2149 1011 2234 acquisitus
1042 2158 1075 2216 et
1103 2151 1297 2236 Petropolim
1327 2151 1513 2218 translatus.
1561 2151 1652 2218 Vitas
1682 2157 1863 2218 sanatorum

434 2273 519 2321 saee.
538 2254 692 2320 VII-IX
714 2274 812 2320 manu
833 2254 970 2340 scriptas
993 2254 1176 2338 eontinetll,
1204 2274 1222 2320 e
1244 2254 1362 2338 quibus
1384 2254 1460 2321 Vita
1475 2254 1508 2321 S.
1528 2254 1682 2322 Germani
1704 2254 1759 2320 fol.
1780 2257 1864 2319 69-

433 2360 484 2440 98,
512 2357 637 2424 duobus
660 2357 924 2442 quaternionibus
951 2358 1070 2443 (LII),
1098 2356 1250 2443 quinione
1278 2358 1361 2442 (III),
1388 2357 1519 2426 binione
1542 2360 1608 2443 (IV)
1631 2358 1707 2425 olim
1729 2378 1864 2444 separa-

433 2461 492 2528 tim
515 2461 643 2546 ligatis,
677 2461 798 2547 scripta
819 2469 869 2528 est
891 2481 977 2528 saee.
1002 2461 1052 2528 IX
1075 2462 1155 2528 satis
1177 2462 1405 2547 neglegenter,
1440 2462 1613 2529 emendata
1634 2461 1752 2530 deinde
1774 2481 1860 2528 saee.

434 2566 466 2630 X
496 2565 539 2632 ad
561 2565 653 2631 aliud
675 2567 886 2652 exemplarssl.
922 2603 967 2614 —
999 2566 1151 2634 Codieem
1174 2565 1359 2633 Berolinum
1380 2566 1605 2634 transmissum
1627 2567 1679 2632 W.
1704 2565 1808 2632 Arndt
1829 2586 1861 2632 a.

437 2672 519 2736 1866
543 2669 688 2737 eontulit.

227 2771 256 2850 Q
385 2773 496 2841 Codex
525 2772 747 2858 Parisiensis9)
781 2773 917 2839 Latinus
949 2794 998 2839 nr.
1024 2776 1130 2856 5365,
1167 2792 1255 2840 saeo.
1280 2774 1363 2854 XII,
1400 2772 1521 2840 lormae
1555 2773 1731 2855 maximae,
1768 2780 1865 2840 antea

434 2877 469 2944 S.
495 2877 653 2944 Martialis
675 2876 927 2943 Lemovioensis.
976 2877 1126 2944 Continet
1155 2877 1210 2943 iol.
1240 2881 1278 2942 19
1308 2876 1417 2943 Vitam
1446 2876 1481 2943 S.
1507 2876 1660 2944 Germani
1681 2876 1867 2944 —desunt

434 2989 543 3048 autem
570 2980 678 3067 oapita
701 2984 828 3045 33-68
851 3001 873 3047 a
894 3002 927 3066 p.
957 2983 1006 3064 18,
1033 2992 1066 3044 32
1089 2991 1117 3045 et
1138 2985 1193 3065 qut
1210 2985 1302 3065 prius
1325 2979 1422 3065 adp.
1449 2983 1500 3062 25,
1527 2991 1561 3043 ot
1583 2985 1719 3066 qratiam
1739 3018 1799 3062 -,
1832 2988 1865 3047 et

432 3085 677 3152 translationem
706 3084 853 3151 eiusdem
875 3086 918 3151 ab
940 3083 1242 3171 interpolationibus
1264 3084 1456 3165 immunem;
1491 3103 1532 3149 ea
1554 3083 1609 3150 Iol.
1637 3088 1677 3147 24
1700 3083 1734 3149 in
1756 3082 1864 3150 verbis

434 3200 469 3254 ut
486 3191 652 3276 sopitivum
674 3211 774 3273 nuper
796 3193 936 3273 elapsum
958 3210 991 3254 se
1009 3199 1241 3274 prosequentem
1267 3186 1446 3272 (Mabillon,
1473 3187 1565 3253 Saee.
1591 3186 1649 3269 III,
1678 3189 1707 3268 2,
1735 3207 1766 3272 p.
1790 3189 1860 3272 100)

434 3294 572 3380 abrupte
601 3293 731 3360 desinit.
760 3330 803 3341 -
833 3292 944 3361 Codex
974 3291 1100 3358 mendis
1130 3290 1267 3358 refertum
1296 3288 1470 3356 alibrario
1491 3291 1703 3374 neglegenter
1725 3281 1872 3376 seriptus¹

437 3404 495 3480 est,
523 3396 651 3464 omissis
673 3418 737 3464 non
759 3397 864 3464 solum
885 3395 994 3464 verbis
1017 3395 1076 3464 sed
1098 3396 1196 3464 etiam
1219 3393 1399 3462 sententiis.
1417 3431 1461 3442 -
1482 3393 1587 3460 Waltz
1610 3394 1766 3461 nonnulla
1788 3414 1865 3462 eno

434 3501 526 3568 tavit.

228 3603 258 3671 G
388 3603 500 3671 Codex
514 3604 708 3672 ParIsiensis
723 3605 858 3672 Latinus
873 3604 908 3671 S.
926 3603 1080 3671 Germani
1103 3624 1152 3670 nr.
1172 3605 1246 3685 507,
1274 3620 1360 3668 saee.
1378 3600 1420 3683 X,
1446 3600 1568 3668 formae
1585 3599 1772 3688 quadratae,
1798 3609 1864 3669 tam

437 3710 605 3793 eleganter
627 3729 724 3792 quam
740 3715 888 3776 aoeurate
905 3708 1043 3794 scriptus
1058 3707 1091 3773 S.
1111 3707 1272 3774 Germano
1287 3712 1421 3791 patrono
1436 3710 1522 3770 totus
1539 3704 1664 3772 ditatus
1679 3712 1738 3772 est.
1780 3705 1865 3772 Con-

435 3813 516 3879 tinet
538 3812 594 3879 fol.
624 3818 637 3877 1
663 3812 771 3878 Vitam
795 3813 829 3879 S.
855 3812 1020 3895 Germani,
1053 3811 1108 3877 iol.
1136 3814 1177 3874 52
1204 3809 1461 3876 Translationem
1485 3809 1625 3895 eorporis
1650 3808 1684 3875 S.
1711 3808 1865 3875 Germani

437 3917 580 4003 episcopi
602 3923 635 3982 et
658 3915 862 3998 oonIessoris,
889 3916 944 3982 Iol.
971 3918 1011 3980 87
1035 3912 1176 3980 Aimoini
1198 3913 1365 3980 historiam
1387 3912 1613 3978 miraeulorum
1636 3913 1670 3978 S.
1697 3910 1862 3979 Germani.

435 4020 546 4088 Codex
568 4020 760 4088 emendatus
783 4028 833 4088 est
855 4021 917 4102 bis,
943 4019 1081 4107 primum
1104 4038 1203 4085 manu
1225 4037 1312 4084 saee.
1330 4016 1437 4104 XlXI,
1464 4037 1549 4102 quae
1564 4022 1687 4083 textum
1702 4017 1864 4084 elnoernm

434 4125 481 4192 ita
503 4123 708 4210 adulteravit,
734 4130 770 4192 ut
792 4124 951 4211 scriptura
972 4122 1060 4209 prior
1075 4121 1131 4189 vix
1146 4121 1286 4188 diseerrn
1299 4120 1412 4206 possit,
1439 4119 1556 4187 iterum
1571 4141 1669 4188 manu
1685 4139 1771 4188 saee.
1789 4121 1861 4188 XV.

436 4265 479 4276 -
501 4228 607 4296 waitz
631 4227 777 4297 eontulit.

387 4330 498 4400 Codex
513 4331 707 4400 Parisiensis
723 4332 858 4398 Latinus
880 4351 929 4397 nr.
948 4331 1043 4412 3801,
1071 4328 1193 4395 iormae
1208 4347 1358 4414 magnae,
1385 4347 1471 4395 seeo.
1490 4327 1556 4393 XII
1571 4327 1719 4413 seriptus,
1746 4328 1803 4395 iol.
1824 4335 1863 4396 55

438 4435 543 4502 Vitam
566 4436 600 4502 S.
627 4435 780 4502 Germani
804 4434 959 4516 eontinet,
987 4454 1082 4519 quam
1105 4431 1290 4498 Translatio
1313 4431 1467 4514 sequitur.
1515 4429 1633 4516 Capita
1655 4434 1783 4496 35-72
1807 4433 1865 4499 de-

436 4538 628 4605 siderantur.
668 4539 780 4606 Codex
803 4558 845 4604 ex
864 4537 904 4622 G,
930 4543 1099 4623 postquam
1123 4535 1314 4602 emendatus
1337 4540 1395 4617 est,
1423 4534 1605 4620 exscriptus
1626 4534 1755 4602 videtur
1776 4555 1861 4603 esse.

437 4681 480 4691 -
501 4642 606 4709 Waitx
628 4643 784 4709 nonnulla
806 4641 958 4709 enotavit.

386 4747 496 4813 Codex
519 4747 712 4813 Parisiensis
734 4746 870 4812 Latmus
892 4766 940 4812 nr.
961 4748 1057 4828 5296,
1084 4743 1206 4810 formae
1225 4741 1396 4825 maximae,
1423 4761 1509 4809 saeo.
1529 4740 1621 4824 XHI,
1648 4761 1721 4807 oum
1735 4742 1766 4806 H
1788 4761 1865 4808 oon-

323 4857 324 4860 ’
435 4849 549 4933 sentit,
581 4850 641 4916 sed
662 4851 769 4917 minus
791 4857 941 4918 aoourate
965 4849 1102 4935 seriptus
1125 4854 1186 4914 est.
1234 4844 1417 4914 Translatio
1439 4844 1654 4913 desideratur.
1686 4881 1729 4892 -·
1758 4845 1864 4913 Waitx

436 4953 553 5021 librum
575 4954 729 5041 inspexit.

316 5233 341 5294 5)
362 5233 402 5284 Cr.
422 5231 435 5298 5
456 5230 518 5282 113:
540 5231 590 5282 Sed
607 5233 665 5282 bueo
683 5236 711 5284 tn
728 5232 842 5283 subteuto
859 5238 988 5296 praesente
1005 5247 1043 5282 me
1061 5237 1129 5294 peste
1146 5235 1214 5282 rum.

316 5320 342 5382 b)
362 5319 403 5369 CI.
422 5334 444 5370 o.
465 5319 551 5368 LXV:
579 5319 669 5368 Itidem
693 5333 752 5368 eum
770 5319 883 5369 Pettalus
905 5321 938 5369 ud
963 5321 1091 5370 taettteem
1115 5309 1255 5366 amalonem
1273 5313 1376 5365 Geruaet
1398 5321 1422 5365 et
1446 5315 1542 5365 stoue
1566 5316 1656 5365 orandi
1679 5329 1757 5365 eausa
1778 5331 1863 5378 proee-

228 5405 294 5455 deae
310 5433 346 5442 -
363 5431 397 5442 -
414 5433 450 5442 -
467 5406 535 5456 Haeo
552 5417 646 5470 quoque
662 5405 806 5455 neumata
822 5411 950 5467 moerente
968 5421 1006 5456 me
1024 5409 1093 5467 peste
1111 5408 1181 5454 eunt.

317 5493 339 5555 i)
363 5493 402 5542 ct.
423 5492 508 5542 Neues
525 5492 619 5541 Arohlv
637 5491 669 5552 V,
690 5507 717 5558 p.
739 5489 800 5542 248.

316 5579 340 5642 S)
362 5579 444 5628 Verba
464 5581 568 5643 quiquie
586 5577 691 5643 fideliter
707 5576 812 5627 ubetaltt
829 5593 844 5626 a
861 5577 963 5629 librarlo
981 5579 1073 5628 emitae
1090 5577 1236 5627 emendator
1253 5575 1360 5635 marglnl
1379 5574 1526 5637 adserlpslt3
1543 5575 1580 5623 el.
1600 5575 1665 5623 infre
1683 5587 1707 5636 p.
1730 5573 1772 5638 21,
1788 5583 1829 5626 2ο.

316 5666 342 5728 9)
361 5667 401 5715 De
418 5665 545 5716 oodlelbus
563 5666 607 5728 qui
625 5667 768 5729 sequuntur
786 5663 819 5712 et.
840 5663 934 5714 hobis
951 5665 1000 5728 XI,
1020 5679 1045 5727 p.
1066 5663 1116 5713 256
1129 5678 1183 5726 sqq.
1713 5683 1714 5688 ¹

307 5766 435 5809 Vsusurrue
449 5767 607 5810 I'orrrvsxrvs.
1433 5739 1446 5760 ἢ
1638 5759 1658 5816 b
