4456 6202
348 353 389 416 36
957 343 1129 400 VENANTI
1146 340 1368 398 FORTVNATI

347 539 507 624 fragium,
546 544 581 603 ut
610 538 699 603 velut
727 535 769 601 de
798 534 900 621 patris
930 532 1119 600 fundamine
1148 532 1325 616 matribque
1354 533 1497 599 alveario
1528 551 1600 598 cum
1630 532 1727 598 totius
1757 531 1980 616 religiositatis

346 649 476 710 nectare
504 648 582 708 nata
610 647 708 724 atquc
737 639 857 705 nutrita
884 637 1112 704 monachorum
1134 637 1273 721 plurima
1295 636 1506 704 tunderentur
1528 635 1691 702 examina.
1742 637 1804 718 (33)
1832 635 1981 721 Denique

346 767 405 832 per
426 744 574 812 civitates
597 742 818 810 Constantiam
841 741 981 823 scilicet,
1008 741 1154 824 Baiocas,
1181 740 1399 821 cinomannis,
1425 741 1594 824 Abrincas,
1621 739 1770 807 Redones
1792 740 1980 808 Britanniae

346 851 447 918 multa
476 847 672 915 monasteria
698 868 757 933 per
784 867 857 914 eum
887 846 1015 912 domino
1043 853 1119 912 suni
1147 844 1301 928 fundata,
1334 845 1426 913 cuius
1449 844 1586 912 diversis
1608 843 1738 911 iudiciis
1760 844 1878 912 claruit
1898 843 1981 911 fides

347 975 406 1042 per
426 973 526 1039 opera
548 958 581 1019 et
603 957 731 1018 sacrata
753 950 821 1017 vita
843 970 901 1035 per
922 949 1029 1034 sigua.
2001 967 2014 1006 s

277 1055 327 1121 XI
440 1058 501 1140 (34)
528 1057 641 1139 Itaque
668 1055 702 1120 in
726 1055 875 1128 Sesciaco
904 1053 1044 1137 quadam
1075 1052 1146 1120 vice
1167 1054 1321 1120 Aroanios
1349 1053 1519 1139 presbyter
1544 1053 1637 1118 offert
1659 1051 1690 1119 ei
1713 1052 1865 1119 ancillam
1888 1072 1980 1120 snam

348 1161 418 1228 siue
441 1159 546 1227 officio
569 1159 701 1244 linguae
722 1165 855 1224 mutam.
895 1158 986 1224 Tunc
1009 1162 1139 1223 mucius
1161 1156 1211 1222 vir
1232 1157 1363 1243 puellae
1385 1157 1542 1223 labiorum
1565 1156 1637 1222 loca
1651 1177 1748 1222 mauu
1763 1162 1977 1240 contrectans,

347 1264 532 1332 nullatanus
560 1261 688 1347 aperire
716 1266 841 1347 poterat
871 1260 1014 1327 dentium
1038 1260 1230 1327 stricturam.
1283 1262 1344 1346 (35)
1371 1260 1434 1340 Qui
1456 1281 1530 1325 mox
1552 1258 1748 1326 benedicens
1770 1259 1892 1342 oleum,
1926 1261 1981 1327 ubi

348 1368 490 1453 signarit
519 1366 724 1432 maxillarum
754 1384 948 1451 compagem,
985 1364 1125 1430 reddunt
1154 1384 1268 1431 sonum
1295 1365 1390 1448 quasi
1418 1371 1601 1431 catenarum
1632 1363 1814 1448 fragmenta
1843 1364 1981 1432 fuissent

347 1472 488 1553 conlisa,
521 1477 554 1537 ei
581 1470 615 1536 in
644 1489 698 1535 ore
728 1469 798 1535 eius
820 1469 988 1535 intinctum
1011 1468 1168 1550 liquorem
1191 1487 1330 1554 ponens,
1368 1468 1544 1552 interrogat
1564 1467 1644 1552 quid
1666 1468 1802 1535 haberet
1824 1467 1908 1553 quod
1929 1476 1981 1535 ta-
2001 1484 2031 1526 ¹⁰

349 1581 446 1643 cerci.
492 1574 567 1640 Mox
589 1573 674 1642 unde
696 1580 786 1638 muta
807 1573 909 1639 taerdt
930 1592 989 1657 per
1010 1573 1110 1638 verba
1132 1571 1310 1658 respondit.
1613 1575 1620 1581 '

263 1679 328 1745 XII
441 1679 502 1763 (36)
530 1678 612 1744 Item
635 1697 706 1744 cum
729 1677 770 1743 de
786 1676 935 1744 Sesciaoo
957 1677 1150 1743 accessisset
1163 1675 1333 1759 Abrincas,
1359 1675 1441 1761 petit
1463 1697 1484 1741 a
1505 1675 1605 1742 fratre
1621 1674 1816 1759 Scubilioue,
1842 1683 1879 1743 ut
1900 1677 1981 1742 duos

347 1784 455 1869 pullos
478 1782 695 1848 columbarum
718 1799 797 1865 quos
820 1781 891 1866 ipse
913 1781 1090 1847 nutrirerai
1111 1799 1220 1847 secum
1243 1786 1370 1866 portare
1393 1779 1601 1865 permitteret.
1653 1779 1746 1858 Quod
1769 1779 1827 1846 ille
1850 1781 1982 1864 negavit

349 1887 476 1954 diceus:
501 1886 564 1951 Pro
586 1892 643 1952 tua
665 1884 851 1971 praesentia
872 1885 927 1950 vel
948 1885 1168 1951 columbarum
1190 1891 1315 1951 tuarum
1331 1883 1410 1950 milri
1425 1883 1579 1967 reliquias
1593 1889 1732 1950 musam.
1774 1883 1833 1950 Oui
1849 1889 1980 1949 sanctus
2043 1940 2058 1951 .

346 1992 504 2057 Paternus
531 1988 592 2054 ait:
627 1987 730 2067 Quem
758 1987 832 2072 plus
861 1994 987 2070 amant,
1012 1990 1109 2074 apud
1131 1989 1237 2073 ipsum
1259 1995 1480 2075 permancant.
1533 1988 1592 2071 (37)
1621 1987 1779 2066 Quicum
1801 1987 1845 2054 ad
1865 2007 1980 2053 mona·
2001 2005 2032 2046 rs

347 2094 480 2162 sterium
502 2093 570 2160 iere
593 2092 706 2158 decem
729 2099 761 2158 et
782 2098 852 2158 ocio
875 2092 965 2157 milia
988 2091 1093 2177 spatia
1115 2091 1334 2178 pervenisset,
1369 2092 1470 2158 altero
1493 2091 1546 2158 die
1567 2091 1689 2157 ibidem
1712 2091 1890 2159 venerabili
1911 2091 1980 2157 viro

347 2198 514 2265 columbae
543 2195 699 2262 velociter
726 2201 948 2275 occurrerunt,
981 2201 1016 2260 ut
1043 2194 1168 2262 itineris
1197 2195 1268 2260 cius
1297 2195 1352 2263 ubi
1381 2196 1476 2280 signa
1504 2215 1568 2261 nou
1594 2194 1749 2261 videbant
1771 2201 1981 2279 sequerentur

347 2301 496 2385 vestigia.
547 2301 609 2382 (38)
637 2299 691 2365 Sic
718 2304 793 2384 post
818 2299 950 2365 beatum
972 2298 1144 2364 Paternum
1175 2298 1370 2365 desiderium
1399 2317 1493 2365 suum
1522 2305 1555 2366 ei
1583 2317 1662 2364 aves
1693 2298 1860 2365 confessae
1890 2304 1976 2381 sunt,

347 2405 375 2472 si
398 2404 528 2489 quidem
551 2402 631 2468 satis
654 2402 774 2485 dignae
796 2402 881 2486 quod
905 2402 1105 2488 spiritualem
1129 2404 1295 2470 columbae
1319 2409 1447 2471 secutae
1471 2409 1555 2470 suut.

243 2509 325 2575 XIII
438 2511 498 2592 (39)
526 2508 609 2573 Item
636 2506 724 2592 apud
753 2505 911 2571 Abrincas
938 2505 1108 2572 erriusdam
1139 2507 1210 2572 Vrsi
1241 2507 1437 2592 possessoris
1464 2507 1604 2574 ancillae
1635 2506 1743 2572 morbo
1773 2506 1979 2573 connubenie
1999 2521 2031 2566 ²⁰

344 2633 381 2680 se
410 2631 524 2678 manus
554 2611 762 2694 conlegerunt
789 2629 849 2676 nec
877 2615 1026 2695 poteraut
1055 2610 1247 2694 devolvere,
1279 2631 1353 2676 nam
1384 2611 1442 2677 fila
1470 2619 1562 2678 crant
1591 2610 1763 2695 digitorum
1785 2611 1976 2696 glomerata.

350 2718 411 2802 (40)
438 2717 514 2782 Mox
535 2721 644 2781 tamen
666 2720 702 2780 ui
722 2714 838 2780 beatus
861 2713 1038 2780 orationem
1062 2713 1227 2799 explicuit,
1255 2721 1487 2782 contractarum
1510 2735 1662 2781 manuum
1685 2735 1721 2782 se
1742 2715 1808 2782 iola
1823 2713 1980 2782 distendit

346 2827 379 2887 et
401 2819 529 2886 reddita
551 2817 691 2884 sanitate
713 2821 886 2902 coeperunt
908 2817 1003 2901 digiti
1025 2838 1195 2884 nervorum
1217 2818 1319 2884 liceas
1341 2825 1533 2904 temperare.

246 2923 323 2989 XIV
437 2924 497 3008 (41)
530 2921 614 2988 Hinc
643 2920 732 2987 lamo
761 2926 966 3006 percurrente
996 2922 1097 2987 multa
1128 2922 1215 3006 regis
1245 2921 1486 2990 Childeberothi
1514 2942 1610 3008 preco
1641 2921 1814 3006 conpulsus
1843 2927 1910 3002 est,
1943 2927 1981 2988 ut

344 3027 408 3114 ipsi
436 3025 576 3112 glorioso
606 3024 675 3110 regi
697 3024 945 3092 (ihildeberctho
968 3025 1113 3091 Parisios
1138 3025 1173 3091 in
1196 3045 1287 3092 carro
1310 3033 1459 3111 cooperio
1481 3027 1627 3093 reclusus
1650 3031 1839 3091 occurreret.
1886 3026 1981 3091 Mun·
2000 3042 2032 3086 as

343 3132 410 3198 tela
439 3132 510 3197 vico
538 3128 670 3213 quidam
699 3148 780 3215 puer
808 3149 829 3195 a
856 3135 1007 3213 serpente
1036 3148 1209 3214 percussus
1238 3136 1288 3196 est
1316 3136 1350 3196 ei
1370 3129 1437 3196 iam
1458 3130 1525 3196 iam
1548 3129 1753 3196 exanimante
1776 3135 1907 3195 sauctus
1929 3129 1981 3194 vir

343 3232 498 3316 accessit,
535 3253 576 3300 ue
605 3252 686 3318 puer
714 3239 815 3298 morio
843 3232 1078 3299 interveniente
1108 3233 1281 3300 recederet.
1342 3234 1546 3320 (Atilioque
1575 3233 1661 3300 iacto
1690 3233 1793 3300 crucis
1822 3233 1916 3316 siguo
1947 3239 1981 3300 ct

345 3338 409 3406 olei
431 3338 554 3422 liquore
577 3336 708 3422 perfuso
730 3341 934 3422 penetratum
956 3357 1117 3404 venenum
1140 3337 1200 3404 tali
1222 3336 1348 3404 curavit
1369 3337 1523 3404 antidoto.
1572 3337 1642 3417 Quo
1664 3337 1763 3404 eiiam
1785 3336 1820 3401 in
1842 3337 1912 3402 loco
1936 3336 1980 3402 ad

344 3462 449 3509 rerum
479 3439 696 3507 testimonium
723 3439 757 3504 in
780 3439 850 3512 eius
873 3440 1000 3507 nomine
1024 3440 1144 3506 Christi
1165 3439 1335 3506 basilicam
1359 3441 1581 3508 coudidenmt.
1633 3443 1697 3526 (43)
1726 3440 1825 3508 Ouios
1848 3439 1980 3525 spirita-

343 3547 407 3612 lem
437 3546 613 3613 adventum
635 3542 780 3609 Parisios
812 3543 959 3610 inmundi
986 3544 1119 3629 spiritus
1141 3551 1354 3628 agnoscentes
1376 3543 1417 3610 do
1440 3544 1583 3611 obsessis
1605 3544 1790 3630 corporibus
1811 3543 1844 3609 in
1867 3542 1978 3628 iugum
2000 3561 2033 3603 ao

344 3649 490 3716 conversi
521 3655 606 3715 sunt.
652 3646 778 3713 Pariter
807 3653 914 3712 autem
946 3645 981 3711 bi
1009 3647 1064 3731 qui
1094 3647 1268 3732 frigoribus
1290 3649 1523 3731 torquebantur
1544 3649 1720 3715 incolomes
1744 3647 1829 3714 effici
1851 3666 1981 3714 merue-

344 3759 418 3819 runt
440 3773 500 3819 uec
522 3752 652 3818 morbus
674 3750 744 3816 illic
767 3750 951 3834 praevaluit
973 3751 1027 3817 nbi
1049 3750 1126 3816 talis
1148 3750 1293 3818 modicus
1316 3758 1481 3835 unguenta
1503 3752 1666 3838 produxit.

264 3857 326 3924 XV
439 3857 500 3939 (44)
527 3854 652 3921 Dehinc
682 3874 754 3920 oum
784 3854 933 3921 sacerdos
960 3875 1017 3939 pro
1039 3875 1219 3940 pauperum
1242 3855 1395 3922 remediis
1417 3855 1488 3939 regi
1510 3855 1753 3940 suggestionem
1775 3860 1976 3941 proponeret,

343 3966 420 4028 tunc
448 3960 607 4044 gloriosus
629 3957 898 4026 Obildebereihus
920 3958 1105 4024 crescentio
1135 3957 1289 4044 imperat,
1323 3959 1491 4043 adquam
1521 3979 1599 4025 cura
1630 3959 1761 4045 publica
1782 3957 1975 4044 pertinebat,

346 4071 381 4130 ui
409 4063 494 4148 quod
521 4063 635 4130 beatus
657 4062 816 4129 Paternus
838 4062 870 4129 ei
890 4061 1075 4146 iniungeret
1096 4062 1274 4148 expediret.
1322 4062 1416 4142 Quod
1436 4063 1508 4148 ipss
1529 4063 1655 4148 inplere
1677 4061 1865 4147 promittens
1887 4081 1981 4127 men·
2000 4080 2034 4122 ss

345 4167 423 4234 titus
445 4173 513 4248 est,
546 4165 773 4251 proiectusque
795 4165 839 4231 ad
861 4173 970 4251 paries
992 4165 1203 4250 Burgundiae
1225 4166 1389 4252 praedIcto
1412 4166 1614 4233 sanctissimo
1636 4165 1817 4248 nesciente,
1847 4184 1905 4251 per
1927 4164 1980 4230 bi-

346 4270 445 4338 duum
469 4269 673 4338 Grescentius
703 4276 895 4337 excaecatus
925 4269 1055 4337 erravit.
1106 4269 1169 4354 (45)
1197 4269 1259 4349 Qui
1290 4271 1419 4356 colpam
1450 4270 1659 4338 reminiscens
1690 4270 1776 4337 undo
1797 4269 1890 4336 illurn
1912 4275 1980 4336 tum

347 4380 480 4461 repente
503 4374 693 4442 tenebrosus
715 4395 802 4441 error
823 4374 989 4458 invaserit,
1015 4392 1183 4458 regressus
1205 4374 1366 4456 velociter,
1393 4375 1556 4460 inpetrata
1579 4374 1684 4454 venia,
1711 4381 1747 4441 ut
1764 4373 1860 4459 oulpa
1875 4372 1981 4440 cordis

345 4479 424 4546 exiit
453 4478 555 4546 oculis
584 4478 641 4544 lux
670 4478 803 4544 intravit
830 4485 864 4545 et
893 4477 1015 4546 doctior
1046 4485 1119 4563 post
1147 4478 1335 4545 caecitatem
1366 4465 1451 4546 servi
1480 4479 1533 4546 dei
1555 4479 1646 4545 iussa
1668 4477 1846 4565 conplevit,
1879 4482 1915 4543 ui
1938 4497 1981 4544 ex

344 4582 406 4649 hoc
427 4583 611 4650 crederetur
632 4581 795 4668 recepisse
817 4581 991 4648 luminaria
1012 4583 1117 4666 magis
1140 4582 1257 4649 meniis
1280 4602 1377 4666 quam
1400 4582 1553 4668 corporis.
2000 4601 2034 4642 ιο

247 4687 326 4754 XVI
439 4688 500 4772 (46)
529 4685 591 4765 Qui
613 4687 881 4771 septuagenarius
904 4706 975 4752 cum
998 4687 1127 4753 abbatis
1150 4686 1256 4753 officio
1279 4686 1450 4752 virtutibus
1473 4685 1662 4770 iungeretur
1684 4693 1717 4752 et
1737 4686 1772 4752 in
1787 4685 1905 4752 cellula
1920 4705 1983 4751 sua

346 4811 443 4876 quam
472 4788 608 4875 primurn
639 4789 867 4856 aedificaverat
889 4789 1030 4856 Sesciaoi
1053 4791 1248 4873 quiesceret,
1283 4790 1422 4874 quadam
1445 4796 1537 4856 nocte
1559 4790 1649 4856 visus
1673 4796 1722 4856 est
1744 4789 1775 4856 ei
1796 4789 1867 4874 ipse
1888 4789 1983 4855 locus

345 4894 427 4960 mira
455 4891 603 4960 claritate
631 4892 781 4977 perfusus
811 4899 844 4962 et
868 4895 913 4961 ad
934 4915 1008 4962 oum
1031 4894 1199 4962 venientes
1221 4894 1256 4960 iu
1277 4893 1403 4960 visione
1427 4893 1529 4960 sancii
1553 4894 1609 4977 qui
1630 4893 1674 4959 ad
1696 4894 1792 4960 deum
1815 4892 1982 4977 migrave-

435 5240 877 5310 immoderationem?
979 5241 1183 5292 2iuudarsutur
1200 5243 1301 5294 itaet
1406 5237 1617 5308 dconstanilam]
1634 5257 1682 5292 om.
1707 5240 1811 5291 tiana
1915 5242 1983 5291 brit-

346 5330 434 5380 tanuts
452 5331 475 5378 P
577 5325 681 5397 buteo]
701 5330 742 5378 dio
761 5329 861 5380 Mum
964 5333 1058 5379 oronte
1074 5330 1166 5380 Sarius
1272 5329 1302 5380 13
1322 5329 1508 5380 colubsrumP
1613 5328 1643 5379 14
1662 5329 1780 5391 rsllqulss
1797 5327 1860 5376 mlhl
1880 5325 1985 5377 licea

346 5413 379 5465 24
397 5415 545 5466 childeberti
562 5415 614 5478 scre
632 5415 655 5463 P
789 5415 822 5466 25
841 5417 950 5466 mantola
966 5417 1023 5466 ulco
1041 5417 1144 5480 quidam
1162 5412 1238 5483 puer]
1256 5416 1286 5482 P,
1307 5419 1391 5467 anicla
1408 5418 1464 5466 uico
1482 5417 1584 5478 quidam
1601 5430 1665 5478 puer
1686 5416 1714 5479 Z,
1735 5429 1843 5477 cumque
1860 5415 1983 5466 miioulco

346 5518 409 5568 puer
426 5503 524 5567 Sarius,
544 5504 654 5553 mustela
671 5504 728 5552 nico
746 5504 849 5566 quidum
866 5518 930 5566 puer
946 5504 1042 5553 mlleuo
1060 5505 1163 5554 nomine
1181 5505 1248 5555 Boii.
1367 5503 1401 5554 26
1418 5508 1447 5554 ei
1463 5505 1614 5566 iamiamque
1632 5502 1700 5554 Mul.
1721 5505 1738 5552 2
1849 5499 1882 5552 ts
1900 5515 1984 5564 peue-

347 5594 454 5640 trsctum
475 5590 498 5637 P
629 5589 662 5640 29
681 5588 765 5659 cuius]
784 5595 885 5642 nomine
903 5591 962 5643 odd.
983 5591 1052 5650 diui.
1073 5593 1089 5640 2
1222 5591 1256 5644 34
1273 5593 1453 5654 crescentiano,
1474 5596 1503 5640 ct
1522 5590 1591 5652 infru
1609 5591 1676 5642 Boii.
1811 5587 1845 5638 36
1864 5589 1941 5638 biduo
1962 5590 1987 5638 P

346 5676 378 5726 41
399 5673 493 5745 oltlclo]
510 5691 560 5728 om.
581 5675 650 5728 Mai.
671 5678 695 5739 2,
716 5691 772 5726 cum
790 5679 849 5729 add.
869 5679 938 5728 Boii.
1044 5679 1078 5729 43
1097 5680 1226 5728 domiuum
1244 5677 1310 5731 Mai.
1332 5680 1348 5726 2
