4336 6262
328 303 368 365 92
632 297 829 356 OPVSCVLA
847 297 1042 356 VENANTIO
1060 297 1292 356 FORTVMATO
1312 298 1414 355 MALE
1433 299 1658 356 ATTRIBVTA

327 489 495 555 Maurilius
530 489 707 574 apostolica
740 489 946 574 simplicitate
981 489 1150 555 redimitus
1178 489 1348 572 cordisque
1375 489 1517 575 puritate
1547 489 1732 575 perlucidus
1761 490 1832 556 sine
1861 491 1966 556 inter-

327 594 477 658 missione
500 612 557 678 pro
580 593 642 658 sihi
663 593 835 659 commisso
850 592 971 659 Christi
992 612 1094 677 grege
1115 593 1149 658 iu
1171 592 1296 676 vigiliis
1320 601 1353 660 et
1374 592 1572 660 orationibus
1594 599 1690 676 atque
1712 592 1843 660 ieiuniis
1860 601 1964 660 totum

327 716 413 762 sese
436 695 565 761 domino
587 695 802 782 mancipabat,
828 702 865 761 ut
886 695 1038 779 antiquus
1059 694 1161 762 hostis
1183 694 1342 776 diabolus,
1370 696 1425 780 qui
1441 695 1553 762 circuit
1567 703 1719 780 tanquam
1735 697 1786 762 lco
1802 717 1965 782 quaerens

326 798 367 864 de
397 799 520 865 unitate
549 818 643 883 quem
674 798 807 864 devoret
836 798 1010 880 ecclesiae,
1044 799 1168 864 nullam
1199 818 1240 864 ex
1266 797 1330 865 sibi
1352 798 1467 865 ovibus
1489 798 1621 865 creditis
1642 799 1830 885 temptando
1852 807 1966 885 posset

328 902 459 968 laedere
482 909 539 968 aut
560 901 701 967 auferre.
1985 925 2000 966 ι

244 1005 304 1070 XV
419 1007 480 1089 (68)
507 1005 656 1070 Proximo
684 1011 792 1070 autem
819 1011 892 1089 post
913 1010 1079 1088 acceptam
1102 1005 1259 1090 episcopii
1282 1004 1472 1088 dignitatem
1495 1014 1639 1090 tempore
1661 1005 1738 1071 dum
1761 1005 1802 1072 de
1824 1007 1966 1074 basilica

325 1108 412 1175 beati
434 1107 520 1174 Petri
548 1107 687 1193 apostoli
716 1106 941 1192 egrederetur,
976 1107 1031 1172 ubi
1060 1107 1199 1192 pervigil
1229 1108 1263 1172 in
1294 1108 1492 1175 orationibus
1514 1115 1613 1175 totam
1635 1116 1760 1175 uuctmn
1782 1109 1964 1176 insomnem

325 1210 478 1294 duxerat,
515 1212 644 1277 obvium
677 1211 791 1277 habuit
822 1211 984 1294 quendam
1018 1229 1150 1276 caecum
1184 1231 1224 1276 ex
1258 1217 1348 1278 utero
1381 1211 1493 1278 matris
1522 1231 1602 1278 suae
1632 1219 1795 1279 carentem
1825 1213 1961 1281 lumine.

329 1317 391 1398 (69)
418 1314 512 1393 Quod
537 1333 609 1380 cum
633 1314 694 1380 sibi
716 1334 737 1378 a
759 1311 886 1378 domiuo
908 1312 1006 1378 tribui
1028 1333 1086 1398 per
1108 1313 1223 1379 merita
1244 1314 1333 1379 beati
1349 1314 1490 1381 Maurilii
1513 1314 1654 1382 fideliter
1666 1317 1855 1400 postularet,
1882 1318 1966 1384 bea-

324 1426 375 1482 tus
404 1417 539 1484 antistes
568 1417 734 1503 paulisper
762 1414 899 1482 embuit.
948 1415 1014 1481 Sed
1043 1435 1115 1482 cum
1145 1435 1243 1501 super
1272 1416 1381 1483 oculos
1410 1417 1513 1503 ipsius
1544 1418 1671 1502 siguum
1702 1425 1834 1486 sauctae
1857 1420 1964 1486 erucis
1987 1440 2020 1482 ιι

324 1520 539 1606 imprimeret,
569 1526 756 1605 erumpente
777 1539 853 1584 mox
875 1518 1034 1602 sauguine
1056 1539 1129 1585 cum
1153 1519 1263 1586 dolore
1285 1521 1394 1587 lumen
1417 1522 1502 1605 quod
1524 1542 1699 1604 numquam
1722 1523 1879 1589 habuerat
1901 1523 1965 1588 ha·

324 1624 400 1690 bere
422 1622 611 1711 promeruit.
662 1623 723 1706 (70)
751 1623 874 1688 Tamen
905 1621 999 1688 homo
1020 1621 1092 1707 ipse
1121 1642 1179 1707 pro
1208 1643 1317 1708 amors
1347 1623 1435 1689 beati
1458 1623 1599 1690 Maurilii
1628 1625 1733 1691 eidem
1763 1625 1851 1692 beati
1874 1626 1964 1692 Petri

325 1727 462 1794 traditus
485 1726 641 1793 basilicae
662 1746 761 1809 quam
784 1724 840 1790 diu
863 1724 897 1791 in
920 1724 1078 1809 reliquum
1101 1724 1226 1791 advixit
1247 1725 1386 1792 fideliter
1407 1726 1592 1795 deservivit.

222 1830 299 1897 XVI
414 1831 475 1912 (71)
503 1829 657 1914 Sequenti
680 1827 860 1911 siquidem
884 1827 937 1895 die
960 1829 1055 1895 beato
1071 1827 1221 1895 Maurilio
1243 1829 1387 1896 antistite
1408 1830 1443 1894 iu
1465 1829 1580 1896 eadem
1603 1831 1690 1897 beati
1713 1831 1799 1898 Petri
1822 1832 1963 1917 apostoli

324 1933 459 2000 basilica
481 1939 595 1999 sancta
617 1931 809 2016 sollempnia
831 1931 1027 2014 celebrante,
1054 1931 1190 1998 advenit
1211 1952 1283 1998 oum
1307 1933 1461 1999 moriente
1483 1954 1582 2018 puero
1606 1941 1760 2018 matrona,
1788 1934 1840 2001 cui
1857 1955 1964 2018 quon·
1988 1957 2021 1998 rs

324 2037 399 2104 dam
430 2036 532 2103 sterili
561 2035 698 2101 eundem
729 2041 764 2100 ut
791 2041 977 2102 nasceretur
1007 2040 1083 2101 ante
1113 2035 1335 2120 episcopatum
1365 2036 1454 2121 apud
1480 2035 1644 2104 domiuum
1667 2038 1736 2104 suis
1758 2038 1880 2105 meritis
1903 2039 1965 2104 ob—

291 2173 292 2176 *
323 2140 480 2222 tinuerat,
514 2139 684 2224 postulans
709 2145 745 2204 ut
771 2138 838 2204 filio
866 2157 925 2203 suo
957 2157 1053 2221 quem
1083 2137 1212 2204 domino
1241 2127 1431 2204 habendum
1457 2141 1620 2207 obtulerat
1648 2161 1800 2207 manuum
1830 2161 1963 2208 suarum

321 2243 526 2328 impositione
557 2241 704 2328 spiritum
734 2247 879 2306 sanctum
907 2240 1016 2322 daret,
1051 2246 1225 2323 antequam
1248 2241 1361 2309 obiret.
1410 2242 1476 2309 Sed
1499 2251 1678 2311 remorante
1700 2244 1734 2309 iu
1757 2251 1868 2310 sancta
1891 2263 1965 2310 cor-

324 2346 411 2432 poris
433 2365 472 2410 ac
494 2345 663 2429 sauguinis
677 2343 799 2410 Christi
821 2344 1060 2410 consecratione
1082 2345 1251 2429 paululum
1274 2346 1437 2429 praesule,
1462 2365 1543 2431 puer
1559 2346 1708 2413 excessit.
1762 2349 1823 2430 (72)
1850 2347 1965 2425 Quan-

323 2458 391 2516 tum
418 2468 494 2515 vero
524 2448 714 2514 miraculum
744 2467 841 2532 super
871 2446 1010 2513 eundem
1033 2467 1167 2532 puerum
1191 2453 1265 2533 post
1287 2448 1458 2533 septimum
1482 2448 1693 2534 depositionis
1714 2449 1817 2535 ipsius
1840 2471 1964 2516 aunum
1986 2471 2020 2514 ao

324 2573 384 2637 per
411 2551 676 2636 pretiosissimum
706 2551 882 2616 antistitem
912 2570 1005 2617 suum
1028 2550 1212 2617 Maurilium
1243 2551 1392 2618 domiuus
1423 2552 1549 2636 operari
1579 2552 1822 2637 dignatusest,
1857 2573 1964 2637 quan·

324 2675 420 2739 quam
442 2656 491 2722 uti
512 2655 577 2720 iam
600 2653 741 2720 diximus
762 2653 845 2719 illud
866 2655 1062 2720 Fortunatus
1083 2653 1238 2736 omiserit,
1267 2673 1326 2720 uos
1348 2662 1456 2721 tamen
1478 2655 1610 2722 minime
1632 2655 1847 2738 reticebimus,
1874 2656 1965 2740 quod

325 2777 436 2824 verum
459 2777 531 2824 esse
555 2757 692 2839 scimus,
719 2757 796 2840 quia
817 2757 860 2822 ad
883 2756 1020 2840 gloriam
1044 2756 1164 2824 Christi
1185 2756 1381 2840 laudemque
1403 2758 1558 2825 antistitis
1580 2760 1631 2826 sui
1653 2779 1705 2826 res
1728 2768 1778 2826 est
1799 2760 1966 2844 condigna

326 2862 477 2929 describi.
529 2863 592 2947 (73)
618 2861 702 2926 Nam
725 2860 874 2927 novimus
897 2859 1024 2930 dicente
1046 2860 1217 2945 propheta,
1251 2861 1328 2943 quia
1351 2865 1453 2926 omnio
1475 2883 1681 2947 quaecamque
1702 2866 1797 2928 uoluit
1819 2866 1965 2929 dominas

322 2969 395 3050 [ecit
417 2969 449 3030 ιἰι
472 2968 555 3031 coelo
578 2975 606 3029 ct
628 2969 660 3030 ιἰι
683 2975 778 3046 terro,
807 2967 838 3027 ιἰι
861 2967 947 3026 mort
966 2974 995 3028 ct
1017 2968 1050 3026 ιἰι
1072 2965 1210 3027 omnihus
1233 2965 1363 3046 abyssis,
1393 2965 1575 3047 etiterum,
1601 2952 1680 3048 quia
1701 2970 1732 3030 ιἰι
1755 2971 1871 3031 sanctis
1894 2972 1965 3032 suis
1986 2985 2020 3030 as

325 3072 404 3134 idem
427 3079 470 3134 cst
494 3074 558 3152 ipse
580 3069 744 3133 mirabilis.
797 3067 858 3151 (74)
885 3065 920 3131 Si
944 3065 1028 3132 euim
1053 3065 1225 3148 credimus,
1253 3066 1338 3151 quod
1361 3067 1426 3132 fide
1448 3068 1582 3134 obtenta
1602 3067 1645 3133 ad
1668 3068 1842 3134 iussionem
1865 3070 1965 3136 unius

324 3165 463 3238 hominis
486 3170 551 3251 sol,
581 3170 660 3236 luna
682 3175 873 3252 caeteraque
896 3168 1005 3235 sidera
1028 3169 1133 3253 spatio
1155 3168 1251 3235 unius
1273 3168 1338 3236 diei
1360 3169 1539 3236 immobilia
1561 3171 1733 3238 substitere
1755 3178 1788 3237 et
1808 3171 1896 3254 quod
1918 3172 1966 3238 ad

324 3275 564 3360 percussionem
598 3274 710 3357 virgae
739 3271 843 3357 Moysi
876 3291 964 3337 mare
991 3272 1135 3337 Rubmm
1168 3272 1202 3338 iu
1235 3273 1384 3356 geminas
1417 3280 1468 3339 est
1500 3281 1609 3359 partes
1639 3275 1778 3340 divisum
1809 3275 1965 3358 siccaque

324 3379 432 3445 Horeb
455 3387 549 3464 petra
569 3377 738 3462 perlargas
761 3375 903 3442 evomuit
924 3375 1029 3441 undas
1051 3374 1201 3457 quodque
1225 3383 1334 3442 contm
1356 3383 1504 3442 naturam
1528 3377 1754 3462 intelligibiles
1776 3378 1868 3444 asina
1892 3378 1966 3444 edi-

325 3483 373 3548 dit
395 3481 567 3568 puvelaota
589 3479 735 3564 loquelas
757 3478 802 3545 ad
822 3478 1074 3563 petitionemque
1095 3477 1212 3544 Heliae
1234 3478 1336 3545 trihus
1359 3479 1452 3545 suuis
1475 3488 1508 3547 et
1529 3481 1636 3548 medio
1657 3502 1699 3548 ne
1721 3483 1848 3567 plueret
1870 3501 1965 3548 sera·
1988 3505 2020 3546 ιι

324 3593 392 3650 tum
414 3592 465 3652 est
487 3584 612 3651 caelum
634 3584 813 3665 iterumque
836 3600 908 3647 oum
931 3579 1034 3646 voluit
1055 3580 1123 3646 suis
1145 3581 1295 3665 precibus
1309 3582 1510 3667 adapertum,
1537 3585 1687 3668 quodque
1702 3592 1751 3651 est
1765 3584 1961 3668 mirabilius,

325 3690 352 3754 si
386 3689 563 3772 credimus,
599 3686 685 3770 quod
718 3684 761 3750 ad
793 3683 1048 3769 redemptionem
1081 3683 1216 3749 humani
1247 3685 1376 3768 generis
1406 3685 1546 3752 mirabili
1576 3694 1609 3754 et
1637 3687 1796 3754 indicibili
1827 3687 1966 3772 spiritus

326 3792 428 3858 sancti
451 3811 547 3877 opere
569 3790 702 3856 verbum
724 3787 825 3875 patris
847 3804 945 3852 verus
967 3785 1123 3871 prooessit
1145 3785 1226 3852 deus
1249 3795 1282 3854 et
1304 3786 1398 3853 homo
1421 3788 1463 3855 de
1485 3789 1612 3874 virgine
1633 3789 1784 3872 idemque
1806 3809 1864 3875 per
1887 3810 1965 3856 cru·
2065 3781 2067 3786 ’

325 3897 371 3962 cis
394 3894 580 3979 mysterium
603 3892 714 3959 mortis
736 3889 895 3957 destruxit
915 3888 1087 3974 imperium
1109 3888 1259 3972 quodque
1283 3891 1379 3956 etiam
1401 3912 1460 3976 per
1481 3892 1588 3978 ipsum
1610 3893 1643 3959 iu
1661 3893 1725 3958 fine
1740 3893 1863 3959 saeculi
1879 3893 1964 3960 deus

325 4005 416 4083 pater
445 4003 640 4063 mortuorum
670 3993 834 4059 homiuum
857 3991 997 4058 omnium
1021 4012 1061 4058 ex
1083 3991 1174 4057 initio
1195 3992 1230 4058 in
1254 3993 1379 4059 cineres
1401 3994 1533 4062 redacta
1555 3997 1616 4063 sub
1638 4003 1797 4062 momento
1819 3997 1964 4063 resusci-
1985 4020 2018 4062 ss

323 4100 405 4166 tabit
427 4119 561 4184 corpora
582 4106 638 4165 aut
660 4097 704 4164 ad
725 4096 861 4181 gloriam
885 4095 1006 4162 autad
1027 4115 1164 4180 poenam
1188 4095 1258 4162 sine
1280 4095 1344 4163 dne
1366 4097 1500 4180 victura,
1528 4097 1615 4184 quod
1636 4119 1695 4184 per
1716 4099 1847 4166 beatum
1866 4099 1966 4167 Mau-

411 4275 467 4323 31.
487 4274 556 4322 Petr.
579 4273 604 4332 5,
625 4271 649 4322 8.
745 4269 778 4319 2⁴
797 4271 838 4320 Pa.
861 4269 918 4333 131,
940 4269 964 4319 6.
1062 4268 1094 4318 25
1113 4267 1155 4319 Ps.
1176 4269 1219 4332 67,
1240 4268 1282 4320 36.
1376 4270 1408 4320 27
1427 4273 1478 4323 Ιοι.
1501 4273 1541 4336 10,
1565 4272 1605 4324 1³.
1696 4271 1729 4323 28
1748 4269 1828 4322 Erod.
1853 4273 1894 4336 14,
1916 4273 1962 4325 21.

324 4362 357 4412 ’29
375 4360 455 4411 Exod.
480 4359 520 4418 17,
541 4359 566 4408 6.
673 4358 750 4407 Νιιιιι.
770 4356 812 4419 22,
833 4354 875 4406 28.
984 4355 1084 4406 30111.
1106 4357 1166 4418 Reg.
1190 4353 1230 4405 18.

323 4638 386 4687 iieae
410 4636 572 4698 simplicitate
596 4634 663 4684 vitae
688 4641 715 4683 et
736 4617 820 4682 cordis¹
839 4634 948 4696 puritate
966 4637 1086 4696 totusque
1105 4633 1133 4682 lu
1151 4632 1247 4682 Christi
1265 4633 1401 4696 famulatu,
1429 4633 1470 4681 die
1488 4639 1615 4696 noctuque
1632 4636 1690 4682 sins
1707 4635 1898 4684 intermissione
1917 4650 1965 4699 pro

323 4737 398 4786 grege
421 4722 516 4773 Christi
545 4722 589 4784 qui
617 4721 668 4770 sibl
698 4721 779 4770 iuerat
805 4720 947 4780 assignatus
973 4719 1000 4768 ln
1025 4719 1120 4781 vigiliis
1143 4725 1170 4768 et
1191 4720 1358 4780 eleemosynis
1381 4721 1535 4770 constitutus
1560 4719 1591 4768 sd
1615 4733 1683 4770 arma
1706 4721 1823 4770 caelestia
1846 4735 1875 4772 se
1900 4736 1964 4772 eou-

324 4815 445 4871 verterat,
472 4813 503 4857 ut
525 4807 604 4857 hostis
630 4808 751 4870 antiquus
775 4806 873 4855 nullum
897 4820 929 4855 ex
947 4807 1035 4855 oribus
1060 4807 1109 4854 sibi
1132 4807 1272 4855 commissis
1296 4810 1421 4869 quantum
1444 4808 1471 4856 in
1495 4807 1550 4869 ipso
1568 4811 1623 4856 erat
1640 4821 1725 4858 momu
1742 4807 1842 4857 letifero
1861 4809 1964 4860 laedere

342 4909 397 4944 osse
413 4933 419 4945 .

323 4910 340 4959 p
399 4901 495 5030 tii—13
515 4977 684 5040 Mapuohodus
702 4993 722 5029 c.
739 4979 789 5026 rt:
809 4975 872 5026 Cum
891 4978 922 5026 ad
940 4978 1070 5027 basilicam
1088 4979 1157 5028 beati
1174 4979 1243 5026 Petri
1261 4979 1368 5040 apostoli
1386 4992 1455 5028 more
1473 4992 1518 5028 suo
1536 4979 1685 5043 pervigilem
1704 4980 1830 5041 quandam
1859 4987 1963 5032 noctem

324 5069 436 5130 duceret,
456 5079 543 5115 caecus
561 5068 592 5115 ab
611 5068 682 5114 utere
702 5065 789 5112 matris
808 5077 868 5112 suae
886 5063 971 5113 lumen
990 5064 1146 5124 incognitum
1165 5079 1180 5112 a
1197 5077 1269 5114 servo
1288 5065 1329 5113 del
1348 5065 1397 5113 sibi
1416 5065 1493 5114 tribui
1512 5079 1569 5114 cum
1587 5066 1650 5113 lietu
1664 5067 1796 5115 obsecrans
1809 5067 1962 5128 postulavit.

323 5155 373 5204 vui
396 5155 486 5203 beatus
504 5153 640 5203 Mauritius
665 5151 823 5212 signaculum
840 5150 957 5198 vivificae
976 5151 1057 5200 crucis
1076 5163 1153 5213 super
1170 5150 1254 5200 oeulos
1272 5151 1329 5200 eius
1347 5153 1421 5215 iecit,
1448 5157 1598 5215 erumpente
1616 5153 1739 5214 sauguine
1758 5155 1895 5215 repentina
1914 5156 1964 5205 lux

322 5241 435 5290 intrarit.
473 5241 552 5290 Homo
574 5241 629 5302 ipse
654 5239 686 5287 ad
710 5237 815 5286 eandem
839 5237 966 5285 basilicam
991 5250 1017 5285 se
1040 5236 1142 5286 tradens
1166 5237 1282 5287 omuibus
1307 5237 1395 5288 diebus
1413 5239 1482 5287 ritae
1501 5251 1559 5288 suae
1578 5238 1688 5287 fideliter
1705 5239 1844 5288 deservivit
1863 5245 1891 5290 et
1909 5243 1964 5290 vir·

323 5333 408 5376 tutum
427 5329 493 5375 servi
512 5327 553 5375 del
572 5326 681 5375 Maurllii
700 5326 873 5373 testimonium
893 5323 1039 5372 admirabile
1057 5323 1116 5370 suit.

411 5600 443 5650 22
463 5598 586 5669 diximus]
603 5616 679 5662 supro
695 5617 722 5662 p.
744 5597 787 5662 87,
807 5601 824 5650 l.
846 5599 878 5649 25
