4432 6150
837 283 1038 340 CARMINVM
1058 285 1128 340 LlB.
1150 286 1199 340 lv.

545 469 693 536 tristitiae
717 473 880 539 cumulum
902 473 1016 540 tribuit
1036 476 1088 542 oui
1111 481 1203 559 rapta
1224 475 1362 560 iugalis,

632 575 713 642 daus
736 576 851 662 longas
874 577 1024 644 lacrimas
1048 585 1191 663 tempore
1213 586 1314 663 nupta
1335 579 1437 646 brevi.

545 679 726 744 consultum
749 686 857 750 tamen
878 680 961 748 illud
982 681 1082 748 habet
1104 682 1145 749 de
1168 682 1303 764 coniuge
1326 681 1460 760 coniux,

461 800 492 840 ro
631 781 707 849 huic
727 783 805 865 quia
827 784 984 850 mercedis
1007 793 1361 869 nouvaeuatu1·opus.

545 905 619 950 nam
642 885 729 968 quod
750 886 794 952 ad
816 895 962 955 ornatum
985 889 1087 973 potuit
1108 888 1266 955 muliebre
1288 887 1411 969 videri,

631 989 778 1056 ecelesiis
800 999 945 1076 prompte
967 992 1227 1078 pauperibusque
1250 991 1348 1059 dedit.

544 1092 597 1157 hic
618 1093 710 1160 nulla
732 1113 773 1160 ex
796 1094 862 1160 illis
884 1096 981 1162 rebus
1003 1097 1144 1180 peritura
1166 1096 1310 1180 reliquit,

632 1196 782 1263 ulmodo
805 1198 1001 1281 praemissas
1024 1198 1115 1265 diver
1138 1198 1273 1265 haberet
1296 1219 1387 1285 opes.

461 1318 492 1358 rt
545 1319 641 1381 quam
664 1300 747 1366 bene
769 1300 966 1368 distribuens
990 1287 1061 1367 sine
1084 1321 1119 1368 se
1142 1321 1202 1367 sua
1223 1303 1326 1369 noluit
1348 1304 1440 1368 esse!

629 1424 704 1469 nam
728 1425 810 1488 quae
833 1405 926 1489 larga
947 1404 1054 1486 dedit,
1081 1405 1162 1471 baec
1185 1406 1278 1472 modo
1301 1407 1398 1490 plena
1420 1405 1521 1470 metit.

545 1505 690 1573 condidit
711 1528 788 1592 ergo
811 1507 872 1573 sibi
894 1507 1051 1592 quidquid
1073 1509 1215 1594 porrexit
1237 1510 1363 1600 egenti,

631 1616 665 1677 ot
685 1630 766 1693 quos
789 1611 926 1696 sumpsit
947 1612 1040 1697 inops
1062 1611 1121 1678 luos
1144 1612 1242 1679 habet
1263 1613 1322 1680 illa
1344 1613 1444 1679 cibos.

545 1711 658 1780 felices
680 1735 759 1799 quos
781 1715 873 1781 nulla
894 1722 1032 1798 gravant
1053 1716 1094 1782 de
1118 1724 1218 1782 morte
1241 1716 1384 1783 secunda

461 1837 491 1874 eo
631 1837 692 1884 uec
713 1817 835 1884 iaciunt
855 1818 967 1903 poenis
990 1817 1120 1886 subdita
1142 1820 1285 1886 membra
1307 1819 1404 1885 feris!

545 1917 695 1986 dulcibus
716 1920 886 1988 inlecebris
909 1921 963 2004 qui
986 1942 1050 1987 nou
1073 1921 1135 1988 sibi
1158 1923 1267 1989 condit
1288 1943 1433 1989 amarum

631 2042 691 2089 uec
713 2043 771 2109 per
792 2043 920 2111 caruem
943 2025 1084 2091 animam
1107 2026 1177 2092 vult
1199 2026 1337 2112 sepelire
1361 2015 1469 2108 nram,

546 2125 604 2191 sed
627 2133 717 2192 casta
738 2127 859 2212 pietate
882 2147 1017 2194 maneus
1039 2128 1110 2194 sine
1133 2129 1390 2212 criminantes,

631 2229 720 2295 illius
740 2231 775 2295 in
797 2231 870 2298 luce
893 2230 954 2296 hac
975 2231 1119 2317 praemia
1141 2232 1222 2298 lucis
1245 2233 1331 2299 emit.

460 2355 491 2392 st
545 2339 689 2417 tempore
710 2352 807 2415 quam
830 2354 929 2419 parvo
953 2334 1103 2400 lacrimas
1126 2341 1182 2401 aut
1204 2335 1328 2418 colligit
1349 2336 1476 2419 amplas

631 2443 704 2519 aut,
731 2437 782 2502 cui
804 2437 872 2504 vita
893 2438 991 2520 nitet,
1017 2438 1140 2521 gaudia
1162 2439 1259 2522 longa
1281 2439 1383 2524 capit!

545 2539 606 2604 bac
628 2538 669 2606 de
692 2547 792 2606 morte
814 2541 896 2608 levit
919 2539 1010 2608 dolor
1032 2549 1099 2620 est3
1125 2562 1199 2608 uam
1222 2542 1335 2608 durius
1356 2543 1458 2624 illud.

632 2644 684 2710 hio
706 2665 801 2728 quem
824 2644 986 2711 viventem
1009 2646 1146 2728 Tartara
1168 2646 1262 2730 nigra
1284 2651 1403 2712 tenent.

544 2746 657 2813 infelix
680 2748 826 2832 quisquis
847 2747 1019 2814 maculosis
1041 2748 1167 2816 actibus
1190 2769 1269 2816 usus

461 2871 491 2910 ao
632 2856 706 2918 aute
730 2851 963 2936 redemptorem
986 2871 1021 2918 se
1044 2852 1216 2934 laqueasse
1238 2852 1345 2933 ridet,

545 2953 685 3019 nubibus
707 2954 852 3021 invectus
875 2974 947 3020 oum
970 2954 1095 3022 venerit
1116 2955 1237 3022 arbiter
1258 2956 1345 3021 orbis

632 3065 664 3123 et
686 3058 764 3123 tuba
785 3057 940 3124 terribilis
962 3066 1141 3126 commovet
1162 3079 1254 3124 arma
1275 3059 1377 3144 polis!

546 3159 597 3224 his
619 3160 708 3228 veuit
729 3160 860 3242 Helias,
885 3160 953 3226 illis
974 3161 1009 3226 in
1031 3161 1178 3228 curribus
1200 3161 1327 3244 Enoch,

632 3263 826 3329 anteviando
848 3284 923 3330 suos
946 3264 1020 3332 hinc
1042 3263 1174 3346 Petrus,
1200 3264 1275 3332 hinc
1297 3263 1498 3350 Stephanum

462 3389 492 3426 or
546 3366 623 3432 flore
645 3367 827 3452 puellarum
850 3386 944 3433 rosea
965 3367 1104 3452 stipante
1127 3388 1244 3434 corona

631 3470 715 3535 inter
736 3469 898 3553 virgineos
920 3470 1024 3555 prima
1045 3470 1150 3538 blada
1171 3470 1304 3537 choros:

546 3572 621 3639 hinc
643 3581 761 3655 mater,
787 3573 863 3640 binc
884 3592 1003 3658 sponsa
1025 3574 1151 3656 Agnes,
1178 3574 1278 3641 Teola
1299 3574 1421 3652 dulcis,
1449 3573 1575 3657 Agathe

632 3685 665 3742 et
686 3697 906 3760 quaecumque
929 3676 990 3743 deo
1013 3677 1197 3760 virginitate
1219 3678 1336 3763 placet.

545 3787 621 3846 tuuc
642 3779 689 3846 ibi
709 3779 782 3864 quis
804 3785 905 3846 terror
927 3779 1009 3846 caeli
1031 3779 1209 3848 adsistente
1233 3782 1363 3848 senatu!

446 3906 492 3946 roo
632 3882 710 3967 quid
732 3882 876 3950 dicturae
899 3883 1026 3950 animae
1049 3883 1166 3950 iudicis
1187 3883 1221 3950 in
1243 3881 1349 3950 faciel

546 4008 620 4053 mox
643 3995 699 4052 aut
721 4007 826 4072 poena
847 3993 957 4052 manet
978 3986 1113 4053 miseros
1135 3992 1191 4054 aut
1213 3987 1322 4072 palma
1343 3987 1472 4054 beatos:

633 4091 769 4175 quisque
782 4111 871 4156 *suae
895 4090 980 4158 vitae
1004 4090 1128 4158 semina
1149 4091 1237 4157 iacta
1258 4091 1358 4158 metit.
1375 4147 1389 4158 .,

547 4201 621 4260 suut
642 4193 757 4260 dicturi
779 4194 852 4259 alii:
883 4193 984 4260 ‘cade
1007 4214 1099 4262 mous
1121 4201 1154 4260 ot
1175 4192 1338 4280 comprime
1360 4196 1500 4277 eorpus',

633 4297 691 4364 sed
712 4297 793 4364 iussi
815 4297 915 4364 eolles
938 4297 1022 4364 ferre
1044 4296 1216 4382 sepulchra
1236 4304 1368 4381 negant.

281 4663 314 4712 68
333 4663 418 4714 daed
523 4665 610 4725 leugas
631 4661 662 4710 (11
767 4660 801 4710 69
819 4662 894 4710 habet
912 4666 929 4712 1.
943 4663 1032 4712 rot.0
1136 4663 1248 4711 coniunx
1271 4660 1363 4710 oeta
1470 4660 1502 4710 79
1519 4662 1580 4710 binc
1601 4662 1622 4709 F
1723 4661 1755 4712 72
1774 4663 1839 4712 eele-

212 4749 259 4798 siia
275 4750 301 4811 C,
320 4751 474 4800 ecclosiael'
575 4755 692 4813 prumpte
708 4747 872 4810 cemani.
887 4766 938 4800 ror.
955 4755 965 4798 1
981 4753 1024 4811 m.)
1041 4748 1090 4797 1111
1196 4749 1228 4797 76
1246 4763 1294 4797 om.
1310 4747 1341 4794 ΡΙ
1446 4763 1493 4798 aue
1509 4763 1558 4798 om.
1574 4747 1607 4795 6¹
1712 4749 1745 4798 76
1763 4744 1841 4814 larga]

211 4833 338 4894 linguass
454 4849 480 4898 p.
500 4832 549 4903 m.]
567 4835 736 4898 pleuedutetlt
754 4834 783 4897 0,
809 4836 885 4897 plena
903 4836 981 4898 medit
999 4835 1030 4898 R,
1056 4851 1082 4898 p.
1102 4836 1172 4884 dedit
1189 4834 1223 4882 B¹
1241 4850 1304 4886 corr.
1325 4833 1359 4882 13¹
1476 4834 1507 4883 77
1527 4834 1649 4897 quidquid
1668 4831 1704 4902 A]
1720 4837 1839 4898 quicquid

141 4907 144 4910 ¹
217 4919 380 4969 OPMGBLR
474 4935 552 4982 egeno
570 4921 604 4970 0¹
710 4919 742 4970 78
760 4923 894 4972 sumaitl'
993 4923 1039 4971 hos
1056 4935 1104 4972 om.
1120 4923 1144 4969 D
1242 4917 1374 4987 illu]1⁴ort.
1396 4922 1451 4983 ipsa
1546 4923 1620 4981 cybus
1640 4921 1691 4970 llll
1784 4925 1839 4980 port

214 5006 365 5069 teutpert
385 5007 433 5057 196
450 5013 473 5056 et
493 5007 540 5056 1:34
559 5010 666 5070 spetlum
684 5021 793 5056 vacuum
810 5011 886 5058 mirer
903 5022 986 5058 ceam
1007 5008 1028 5056 P
1143 5009 1176 5058 89
1194 5009 1293 5058 lactum
1311 5010 1328 5058 ι’.
1348 5022 1398 5056 rur.
1419 5009 1486 5056 lm.
1509 5007 1537 5068 0,
1558 5009 1623 5057 lucie
1647 5011 1715 5070 [erus.
1737 5007 1771 5068 11)
1795 5007 1836 5068 91,

212 5092 274 5152 sort.
287 5096 399 5142 crinciunt
486 5096 595 5144 membra
606 5097 680 5144 ieris:
702 5113 717 5143 a
730 5096 790 5144 reris
803 5097 819 5144 i.
835 5111 885 5144 ror.
901 5097 961 5147 2m.
980 5094 1001 5142 (1
1107 5095 1137 5144 81
1158 5109 1288 5144 emtarum
1303 5093 1339 5140 M¹
1445 5093 1478 5142 83
1496 5099 1578 5142 matra
1596 5093 1626 5141 ΡΙ
1732 5091 1765 5144 sl
1782 5089 1840 5159 bac]

212 5192 226 5225 c
245 5181 261 5228 1.
282 5193 332 5230 roa.
351 5180 380 5242 0,
402 5179 462 5230 baec
480 5181 502 5228 F
518 5182 575 5231 Vm.
693 5183 768 5232 lueis:
789 5197 802 5232 a
820 5185 838 5232 l.
857 5198 908 5232 roa.
929 5186 941 5230 1
961 5197 996 5231 m.
1018 5181 1040 5230 P
1160 5182 1193 5230 85
1212 5182 1275 5230 baut
1293 5177 1335 5228 M²
1450 5181 1550 5240 colligat
1571 5179 1599 5226 01
1712 5179 1746 5230 86
1763 5177 1840 5247 uitet]

213 5271 285 5316 muel
303 5266 349 5314 BF
451 5266 484 5315 88
502 5267 634 5316 tertareP
738 5269 771 5318 99
789 5269 952 5318 redemtorem
973 5269 1000 5316 M
1102 5270 1248 5331 laqueasaet
1268 5265 1329 5314 11111
1433 5266 1535 5316 uiditP
1637 5265 1667 5314 91
1689 5267 1790 5314 ueneris
1810 5263 1840 5308 0¹

213 5359 241 5402 ut
258 5353 310 5402 oid.
416 5353 450 5402 93
468 5354 509 5402 bio
527 5353 550 5400 P
651 5355 683 5403 91
703 5355 856 5404 steiammB
961 5355 993 5403 st
1012 5351 1111 5420 corona]
1129 5355 1266 5404 cateruaF
1368 5352 1399 5400 97
1419 5352 1523 5413 agne?
1625 5353 1712 5412 agathe
1732 5353 1753 5399 Ρ
1770 5352 1837 5412 ναι,

214 5439 316 5500 egathos
334 5439 355 5484 (ι’
477 5439 510 5490 99
529 5446 616 5490 uenatu
637 5440 726 5490 M¹DR
848 5441 897 5492 196
915 5442 980 5504 quod
1000 5443 1022 5489 Α
1127 5443 1249 5490 diciturne
1268 5438 1299 5486 0¹
1320 5441 1389 5502 (corr.
1409 5453 1453 5499 per
1469 5442 1531 5501 rou.)
1658 5437 1706 5487 1111
1723 5437 1840 5500 quisquis

215 5523 322 5572 1401111*
433 5529 548 5588 quisquis
566 5529 634 5576 uitae
653 5543 665 5575 s
685 5527 715 5576 F!
733 5543 805 5578 cerro
824 5530 917 5592 reliquo
935 5532 1024 5577 ambro
1140 5529 1229 5576 sentila
1248 5527 1270 5574 ll
1385 5533 1465 5574 metet
1485 5523 1518 5573 0²
1635 5524 1682 5572 193
1705 5526 1839 5586 (conprime

214 5610 311 5670 Al'l’ll)
422 5610 469 5660 1111
488 5612 603 5660 irrasitl'
706 5616 820 5678 sepulcra
839 5614 873 5674 Μ,
894 5614 1012 5676 sepuloba
1032 5615 1055 5661 Ρ

293 5710 419 5752 varnerius
433 5710 578 5752 rotumum
1602 5713 1632 5762 1³
