4336 6262
835 323 930 382 VITA
947 323 1063 382 ΒΕΑΤῙ
1081 325 1269 382 mauman.
1829 328 1870 392 93

237 518 344 584 rilium
368 518 543 602 gloriosum
566 516 743 583 antistitem
767 535 859 580 suum
883 521 957 600 post
979 515 1156 601 septimum
1175 515 1386 601 depositionis
1408 535 1528 581 annum
1552 523 1710 582 mortuum
1733 514 1873 581 resusci-

236 622 353 688 taverit
375 642 519 706 puerum,
547 620 628 686 satis
651 619 782 685 credere
804 637 987 704 possumus,
1014 638 1093 684 sane
1116 619 1210 685 beato
1232 625 1372 686 testante
1395 639 1481 704 papa
1497 617 1669 702 Gregorio:
1699 620 1785 682 Fides
1813 639 1873 681 ιιοιι

235 727 324 790 babet
354 729 513 804 meritum,
545 727 596 788 cot
616 725 754 786 Ιιιιιιιιιιιιι
777 727 856 786 roeo
876 723 1001 804 praebet
1023 727 1279 805 ereperimentam.
1332 726 1392 806 (75(
1420 723 1611 788 Miraculum
1634 741 1710 806 ergo
1732 720 1787 804 qni
1808 741 1873 788 non

236 829 324 896 istud
354 828 444 894 firme
474 825 663 907 crediderit,
699 824 785 910 quod
812 824 847 890 in
877 824 998 892 sanctis
1021 832 1054 891 et
1075 845 1133 911 per
1155 832 1284 892 sanctos
1307 845 1382 892 suos
1404 825 1471 891 alia
1492 825 1595 891 multa
1617 817 1700 907 quae
1724 832 1757 890 et
1778 843 1874 908 prae·

203 956 216 994 ι
236 933 384 998 misimus
407 931 555 997 dominus
577 928 702 1014 operari
726 928 880 1012 dignatus
903 929 946 994 sit
968 947 1096 1014 semper
1117 936 1150 995 et
1172 936 1330 1014 operetur,
1356 949 1559 1013 nequaquam
1584 927 1715 994 credere
1737 927 1870 994 valebit.

327 1036 390 1119 (76(
417 1032 630 1101 Beatissimae
651 1031 751 1116 igitur
765 1031 945 1112 Maurilius,
971 1032 1100 1117 expleto
1123 1040 1256 1099 sancus
1279 1031 1526 1118 sollempnitatis
1549 1031 1699 1117 capitello
1721 1031 1874 1115 obituque

235 1138 327 1224 pueri
350 1137 406 1220 qni
428 1138 553 1218 absque
576 1134 758 1202 oadsmatis
781 1135 864 1200 dono
888 1141 1074 1202 excesserat
1094 1136 1299 1220 percognito,
1333 1142 1434 1202 totum
1457 1135 1492 1201 id
1515 1155 1594 1202 auae
1616 1134 1792 1200 desitudini
1815 1134 1873 1201 de-

235 1240 360 1327 putavit
389 1239 532 1306 lacrimis
559 1239 661 1304 multo
690 1245 835 1323 tempore
864 1237 1163 1304 inremediabilibus
1193 1258 1272 1304 suae
1302 1240 1430 1323 culpam
1460 1238 1578 1323 lugens
1600 1236 1870 1304 inoboedientiae.
1970 1265 1972 1269 ·

235 1345 297 1411 Oui
327 1364 399 1410 cum
429 1362 490 1408 nec
517 1343 581 1409 ista
611 1340 813 1423 sufficerent,
847 1341 902 1407 diu
931 1341 1130 1424 multumque
1157 1342 1237 1424 quid
1266 1349 1378 1427 ageret
1404 1361 1513 1408 secum
1535 1341 1643 1408 animo
1666 1341 1869 1422 colluctante,

188 1469 215 1509 ιι
235 1446 367 1513 andem
396 1446 555 1531 repperit,
588 1444 676 1529 quod
698 1444 782 1510 inter
804 1444 951 1510 concives
973 1450 1083 1510 tanae
1106 1445 1333 1529 neglegentiae
1355 1444 1518 1531 piaculum
1541 1445 1637 1530 plene
1660 1443 1793 1529 expiare
1816 1463 1874 1509 ne-

235 1550 356 1633 quiret,
391 1549 424 1614 ni
454 1548 630 1633 singularis
654 1549 785 1632 elapsus
809 1547 947 1630 patriam
970 1546 1133 1632 propriam
1156 1548 1307 1632 civesque
1329 1549 1536 1630 relinqueret.
1589 1550 1648 1632 (77(
1677 1547 1751 1613 Tali
1774 1547 1873 1631 igitur

235 1661 362 1738 reperto
391 1652 543 1734 consilio,
576 1652 701 1718 occulte
731 1649 849 1717 exinde
880 1659 983 1716 semet
1012 1651 1119 1736 ipsum
1149 1651 1268 1736 eripuit
1289 1671 1331 1717 ex
1354 1658 1537 1718 sanctorum
1560 1649 1723 1734 reliquiis,
1756 1650 1874 1733 quibus

199 1839 202 1844 ἱ
236 1763 350 1822 sancta
364 1754 608 1822 Andecavensis
631 1760 734 1819 mater
756 1753 895 1819 ecclesia
918 1753 1140 1835 decorabatur,
1168 1773 1276 1820 secum
1300 1755 1409 1820 claves
1432 1760 1619 1838 exportans.
1660 1754 1739 1820 Cum
1763 1760 1873 1819 autem

236 1859 438 1944 pervenisset
466 1858 509 1924 ad
538 1877 644 1938 marc,
679 1856 791 1922 divina
819 1856 1047 1942 omnipotentis
1078 1857 1130 1923 dei
1158 1857 1350 1942 providente
1380 1856 1553 1924 clementia
1582 1857 1637 1940 qui
1668 1856 1819 1921 manebat
1840 1855 1874 1920 in

187 1985 217 2025 ιι
237 1962 329 2030 litore
352 1961 440 2028 diem
462 1961 617 2027 transitus
640 1959 691 2025 sui
714 1958 861 2025 exaravit
881 1958 916 2024 in
939 1960 1047 2046 lapide
1069 1960 1178 2044 sieque
1201 1979 1340 2026 ascensa
1361 1961 1465 2047 puppi
1487 1960 1629 2027 inchoati
1652 1960 1777 2026 itineris
1800 1979 1874 2025 coe-

236 2065 284 2150 pit
312 2071 488 2131 maturator
517 2063 667 2130 existere.
721 2063 780 2146 (78(
808 2061 953 2145 Cumque
976 2063 1188 2148 processisset
1209 2064 1245 2129 in
1267 2064 1368 2130 altum
1394 2071 1427 2130 et
1448 2083 1549 2147 quare
1571 2063 1781 2147 reliquiarum
1805 2063 1873 2128 cla-

236 2188 294 2234 ves
324 2187 433 2235 secum
464 2166 617 2233 detulerit
645 2165 819 2250 cogitaret,
850 2166 1024 2233 insidiante
1055 2167 1186 2232 humani
1208 2167 1338 2251 generis
1362 2167 1506 2250 inimico,
1541 2175 1575 2234 ut
1598 2166 1740 2232 dolorem
1764 2172 1874 2231 sancto

236 2272 305 2338 viro
334 2291 433 2357 super
461 2271 603 2338 dolorem
632 2270 825 2355 imponeret,
859 2277 992 2356 repente
1024 2270 1134 2337 claves
1164 2270 1205 2337 de
1235 2271 1384 2337 manibus
1412 2271 1546 2355 elapsae
1570 2268 1818 2352 submerguntur
1840 2269 1873 2334 in

236 2395 387 2458 aequore.
429 2375 520 2440 ‘l'nnc
542 2393 614 2440 cum
637 2372 780 2440 lacrimis
802 2372 837 2438 id
859 2373 960 2439 fertum
982 2374 1183 2440 exclamasse
1206 2374 1383 2455 Mamilius,
1411 2373 1497 2458 quod
1520 2379 1635 2458 postea
1656 2371 1703 2437 rei
1725 2370 1875 2456 probavit

186 2499 217 2540 no
237 2485 389 2545 eventus:
429 2478 520 2558 Nisi,
554 2476 675 2561 inquit,
708 2476 768 2542 has
796 2475 911 2543 iterum
941 2477 1051 2544 claves
1079 2477 1192 2544 videre
1220 2497 1385 2559 meruero,
1418 2477 1557 2563 patriam
1588 2476 1762 2558 urbemque
1790 2495 1874 2541 nun-

235 2602 331 2665 quam
354 2589 498 2667 repetam
521 2601 618 2665 quam
641 2579 774 2664 effugio.
826 2581 889 2663 (79(
916 2580 1121 2647 Transmisso
1143 2581 1244 2664 igitur
1266 2581 1359 2664 mari,
1385 2600 1448 2664 quo
1470 2581 1542 2665 quis
1566 2587 1652 2647 esset
1674 2579 1874 2646 abscondere

236 2684 402 2768 potuisset,
429 2691 552 2750 mumto
574 2683 686 2749 habitu
710 2683 767 2748 nni
789 2682 929 2766 regionis
951 2683 1132 2768 principum
1155 2683 1317 2764 adhaesit,
1344 2683 1509 2768 professus
1532 2702 1568 2748 se
1590 2682 1768 2748 ortolanum
1791 2681 1870 2762 fore,

236 2786 387 2866 quatinus
409 2806 524 2873 corpus
546 2785 633 2872 quod
655 2785 801 2864 ieiuniis,
836 2785 959 2867 vigiliis
983 2794 1015 2852 et
1037 2786 1235 2852 orationibus
1258 2787 1420 2870 castigare
1443 2785 1648 2868 decreverat,
1682 2805 1723 2850 ne
1746 2804 1786 2850 ex
1808 2791 1873 2849 toto

236 2887 376 2954 deficere
398 2889 565 2973 potuisset,
592 2889 721 2974 proprio
743 2887 854 2954 labore
877 2887 1032 2972 pavisset.
1085 2890 1145 2972 (80(
1174 2888 1236 2966 Qui
1260 2908 1332 2955 cum
1354 2888 1414 2954 tali
1436 2889 1665 2973 praeficeretur
1683 2887 1869 2967 ministerio,

187 3011 218 3052 ιι
237 2997 359 3058 tantmn
389 2992 515 3076 copiam
544 2992 615 3058 eius
643 2990 765 3056 meritis
795 2988 943 3056 dominus
972 2990 1137 3056 holeribus
1167 2990 1281 3072 dabat,
1318 2997 1413 3057 utet
1442 2990 1591 3056 omnibus
1620 2990 1873 3073 quibuscumque

236 3113 372 3161 necesse
400 3093 507 3160 fuerat
535 3113 576 3160 ex
603 3093 726 3160 eisdem
757 3091 955 3160 sufficienter
983 3093 1137 3159 tribueret
1166 3098 1200 3159 et
1229 3100 1337 3160 tamen
1366 3093 1478 3159 holera
1499 3113 1663 3177 nunquam
1686 3091 1871 3158 delicerent.

238 3196 330 3263 Vnde
353 3197 558 3282 perpluribus
580 3197 733 3281 placebat
754 3203 787 3262 et
808 3215 913 3280 paene
937 3196 978 3261 ab
1001 3195 1149 3262 omnibus
1171 3197 1353 3262 amabatur.

330 3303 391 3380 (81(
423 3301 552 3366 Interea
581 3299 674 3385 plebs
702 3297 950 3365 Andecavorum
981 3319 999 3366 e
1027 3299 1165 3366 caelitus
1194 3300 1257 3365 sibi
1287 3299 1447 3384 qnondam
1478 3299 1553 3365 dato
1582 3299 1717 3365 viduata
1744 3304 1874 3383 pastore

237 3423 300 3468 uon
331 3403 462 3469 minimo
492 3422 612 3488 pavore
642 3402 830 3488 percellitur
858 3403 1043 3486 crebrisque
1070 3403 1249 3469 visionibus
1272 3403 1428 3484 minatur,
1461 3422 1618 3488 persaepe
1641 3401 1738 3468 etiam
1761 3401 1876 3468 admo-

188 3529 217 3568 ιι
237 3513 349 3588 netur,
382 3506 429 3573 uti
459 3505 622 3593 proprium
651 3511 813 3590 pastorem
842 3506 1091 3590 circumquaque
1113 3506 1351 3591 perquirerent,
1383 3505 1510 3590 nisique
1533 3505 1702 3572 Maurilius
1722 3505 1874 3570 inventus

238 3628 317 3676 suae
339 3609 529 3678 redderetur
551 3607 725 3688 ecclesiae,
755 3609 868 3674 urbem
890 3608 1102 3676 Andecavam
1124 3607 1193 3674 iore
1216 3609 1353 3675 celerius
1375 3609 1638 3675 subvertendam.
1691 3610 1752 3691 (82(
1780 3606 1873 3673 Vnde

237 3712 384 3779 eiusdem
410 3711 552 3795 reglonis
582 3718 649 3778 tota
677 3710 830 3777 nobilitas
859 3710 919 3777 sed
949 3718 981 3777 et
1010 3711 1154 3796 vulgaris
1183 3710 1376 3778 inmensitas
1406 3711 1576 3778 collatione
1604 3711 1691 3778 iacta
1717 3711 1753 3777 in
1775 3733 1873 3777 unum

237 3835 355 3882 venere
378 3815 543 3883 decretum
565 3815 726 3899 eligentes
747 3833 766 3879 e
789 3814 975 3880 concivibus
997 3821 1146 3899 quattuor
1168 3814 1309 3881 diffusae
1324 3814 1452 3881 virtutis
1467 3835 1506 3881 ac
1520 3813 1598 3881 fidei
1612 3814 1709 3882 viros.
1750 3813 1874 3892 Quibus

233 3919 292 4002 qui
322 3919 499 3987 necessarii
528 3918 572 3984 ad
600 3919 683 3985 tanti
710 3917 835 3984 itineris
865 3924 957 3984 erant
983 3918 1167 4004 supplenda
1188 3918 1335 4003 negotia,
1370 3919 1551 4004 sumptibus
1573 3939 1614 3985 ex
1637 3925 1711 3984 voto
1733 3919 1870 4000 collatis,

187 4045 218 4086 aa
237 4023 450 4108 praecipiunt,
469 4043 510 4088 ne
525 4042 677 4104 umquam
694 4027 937 4101 reverterentur,
957 4022 992 4088 ni
1006 4021 1094 4107 prius
1109 4023 1273 4108 proprium
1288 4022 1488 4088 invenissent
1502 4029 1682 4106 patronum.
1729 4024 1788 4105 (83(
1810 4022 1874 4100 Qui

237 4124 340 4192 functi
362 4125 523 4208 legatione
545 4133 579 4190 et
601 4124 750 4191 devotius
771 4125 863 4190 iussa
884 4131 1059 4209 sequentes
1081 4126 1177 4191 urbes
1200 4145 1312 4192 omnes
1335 4125 1519 4211 oppidaque
1542 4126 1595 4192 vel
1617 4125 1705 4190 viem
1728 4132 1874 4210 praeter-

237 4228 360 4311 legunt.
409 4228 568 4312 Omnique
597 4228 665 4294 fere
687 4229 817 4313 Europa
838 4226 991 4309 circuita,
1024 4229 1159 4314 septimo
1184 4229 1314 4295 andem
1336 4228 1370 4293 in
1392 4234 1501 4313 partes
1526 4228 1654 4294 Galliae
1677 4233 1873 4295 revertentes

238 4350 322 4396 anno
351 4337 383 4396 et
410 4331 543 4397 minime
572 4351 668 4415 quem
689 4330 889 4415 quaerebant
910 4331 1057 4414 invento,
1090 4331 1202 4398 divino
1225 4331 1323 4398 ductu
1346 4331 1390 4398 ad
1411 4339 1537 4416 portum
1561 4331 1674 4398 oceani
1697 4332 1795 4397 maris
1818 4331 1874 4414 qui

237 4433 272 4499 in
293 4433 462 4499 Britannia
483 4441 592 4500 manet
613 4433 728 4500 minori
751 4453 845 4500 cursu
867 4433 964 4500 avido
986 4441 1217 4520 pervcnemnt,
1252 4435 1405 4518 quatinus
1427 4435 1474 4500 cis
1497 4455 1587 4501 mare
1609 4456 1704 4518 quem
1726 4435 1871 4502 invenire

187 4557 219 4599 ιι
238 4557 301 4602 non
328 4543 475 4622 poterant
502 4543 706 4604 transmare
735 4557 891 4620 quaerere
920 4537 1107 4605 niterentur.
1160 4539 1221 4621 (84(
1247 4538 1486 4604 Praestolantes
1509 4538 1609 4622 igitur
1635 4558 1768 4622 navem,
1801 4560 1872 4605 cum

237 4660 301 4723 qua
330 4647 478 4724 coeptum
507 4639 638 4725 explere
668 4640 814 4706 valerent
841 4641 1047 4724 obsequium,
1082 4639 1158 4706 dum
1187 4640 1367 4707 residerent
1395 4641 1428 4705 in
1457 4641 1569 4723 litore,
1603 4641 1757 4727 scriptum
1787 4641 1873 4725 quod

237 4761 336 4827 supra
369 4741 509 4808 diximus
539 4743 732 4808 invenemnt
759 4743 793 4808 in
822 4743 932 4809 silice:
969 4744 1030 4808 Hic
1056 4743 1184 4810 transiit
1213 4743 1383 4810 Mamilius
1413 4745 1658 4812 Andecavorum
1686 4745 1870 4830 episeopus.

238 4845 287 4911 De
316 4853 383 4911 tam
414 4845 556 4913 evidenti
585 4846 684 4930 igitur
705 4847 832 4913 alacres
855 4847 964 4913 effecti
986 4846 1099 4913 inditio
1121 4855 1210 4913 trans
1232 4854 1365 4931 pontum
1388 4848 1497 4914 abiere
1520 4848 1636 4914 securi.
1688 4851 1749 4930 (85)
1777 4848 1872 4913 Haud

238 4950 334 5033 longe
363 4956 470 5015 antem
502 4948 610 5014 adbuc
641 4956 713 5016 acta
735 4949 855 5034 puppis
878 4971 898 5014 a
920 4950 1028 5030 litore,
1063 4970 1134 5016 eum
1149 4951 1240 5030 ¹lenis
1262 4949 1392 5054 flatibus
1416 4959 1448 5018 et
1469 4951 1612 5036 pendulo
1635 4952 1707 5017 velo
1730 4970 1769 5016 ac
1791 4951 1872 5016 mari

325 5209 340 5257 2
363 5209 435 5269 Grec.
458 5207 492 5257 Μ.
513 5209 577 5259 bom.
597 5211 625 5256 ln
642 5223 730 5270 euuap.
753 5211 790 5270 11,
812 5211 845 5258 26
868 5210 969 5274 (culpae,
993 5210 1062 5259 Patr.
1083 5211 1127 5259 lat.
1149 5211 1267 5273 LXXVI,
1289 5213 1313 5272 9,
1331 5227 1359 5273 p.
1376 5212 1462 5272 1197).

326 5295 339 5341 7
360 5295 456 5356 Salpia.
477 5294 533 5344 Sca.
560 5295 585 5344 V.
607 5296 634 5346 S.
656 5295 760 5345 Murtias·
780 5295 863 5358 Procs.
885 5299 902 5355 ἕ
921 5299 953 5346 5.-
978 5301 1060 5346 totum
1078 5296 1105 5346 ld
1122 5298 1292 5347 desuetudine
1315 5298 1469 5361 (desitndlne
1486 5297 1558 5347 codd.
1580 5297 1650 5358 dett.)
1671 5301 1736 5348 tanti
1754 5302 1873 5362 temporis

238 5381 414 5442 perdidissem.

240 5529 408 5536 ——--—.

326 5622 359 5673 29
377 5624 523 5686 procellitur
541 5622 564 5670 P
666 5621 699 5673 39
717 5623 855 5672 brittannia
876 5625 897 5670 (l
