4336 6262
810 339 904 396 VITA
922 339 1039 396 BEATI
1057 340 1244 398 saturnu.
1694 405 1703 412 ,
1806 345 1846 406 85

211 533 369 618 speriam,
405 531 563 599 communi
588 539 673 597 sorte
696 537 891 615 praeventus
915 529 1075 596 hominem
1104 531 1213 597 exivit.
1262 530 1430 596 hienrilius
1460 551 1536 597 vero
1567 531 1754 596 verissimus
1783 531 1848 596 iam

211 636 395 721 evangelici
417 637 519 702 cultor
540 635 706 720 praecepti
729 634 882 700 dicentis:
912 638 973 711 Oui
994 637 1154 716 reliquerit
1173 645 1295 717 putrem
1318 645 1373 698 ortt
1395 645 1523 698 oen-trem
1547 645 1601 698 utet
1616 655 1709 718 apros
1721 646 1850 717 propter

211 761 257 802 rue
280 743 456 822 centuplum
476 742 602 821 accipiet
624 748 651 802 et
674 741 769 801 vitant
792 747 949 800 oeternum
971 739 1144 820 possidebit,
1171 737 1284 804 relicta
1306 743 1408 804 matre
1430 737 1635 821 omniumque
1650 757 1756 802 rerum
1773 757 1850 803 sua-

210 862 280 908 rum
312 842 489 928 eupiditate
517 841 679 922 habendi,
713 840 773 906 sub
795 840 921 906 Iuliano
951 847 1028 906 tunc
1055 861 1187 907 caesare
1209 841 1400 925 Martinum,
1433 842 1523 907 cuius
1546 841 1647 926 primo
1670 841 1850 925 profecerat

179 945 432 1011 sinstrnmentis
464 945 619 1028 cuiusque
649 945 784 1010 virtutes
813 963 872 1028 per
901 949 1001 1009 totum
1032 964 1132 1028 prope
1155 946 1370 1010 Romanorum
1401 944 1651 1028 divulgabantur
1680 945 1849 1029 imperium

211 1048 332 1132 quique
363 1048 551 1132 cogentibus
581 1047 710 1133 populis
733 1046 926 1112 anonicam
958 1047 991 1112 in
1015 1047 1125 1112 Gallia
1154 1048 1219 1112 iam
1248 1048 1384 1130 regebat
1406 1048 1625 1133 metropolim,
1661 1049 1797 1132 expetiit
1819 1056 1852 1114 et

210 1157 276 1218 tam
306 1152 361 1216 diu
391 1171 462 1217 oum
492 1151 607 1218 eodem
636 1157 850 1217 commoratus
879 1156 929 1216 est
958 1150 1079 1215 divinis
1102 1169 1228 1234 semper
1250 1157 1425 1235 occupatus
1448 1150 1575 1232 offitiis,
1608 1151 1683 1216 dum
1707 1159 1850 1218 caeteros

211 1254 449 1320 ecclesiasticos
472 1254 594 1338 gradm
617 1253 820 1338 gratiamque
844 1251 1016 1319 sacerdotii
1031 1253 1153 1319 invitus
1169 1254 1305 1319 hlartino
1322 1261 1456 1338 cogente
1474 1255 1662 1339 susciperet.
1714 1257 1753 1336 ii]
1782 1256 1851 1321 Ad-

211 1365 286 1441 epto
315 1377 453 1446 namque
484 1356 657 1424 sacerdotii
678 1355 798 1422 horrore
821 1356 971 1422 artiorem
994 1376 1091 1440 quam
1114 1356 1197 1422 inter
1220 1357 1394 1423 monachos
1416 1357 1550 1422 duceret
1571 1356 1713 1441 diligens
1737 1358 1846 1440 vitam,

163 1481 190 1520 ro
212 1467 246 1525 ut
268 1461 357 1526 solus
380 1462 484 1526 solum
506 1460 640 1526 liberius
664 1459 830 1526 dominum
853 1460 945 1543 sequi
966 1459 1100 1540 valeret,
1127 1460 1258 1525 Martini
1280 1459 1454 1527 admodum
1477 1460 1631 1526 doctrinis
1654 1460 1799 1526 eruditus
1820 1469 1851 1527 et

210 1583 313 1646 aeque
336 1563 614 1630 benedictionibus
637 1562 815 1644 roboratus,
842 1581 876 1628 se
900 1581 935 1628 se
958 1563 1096 1629 invicem
1120 1564 1304 1630 osculantes
1326 1571 1359 1629 et
1374 1565 1510 1629 multum
1526 1562 1650 1643 flentes,
1678 1565 1719 1628 ab
1736 1565 1850 1630 ecdem

208 1665 281 1752 ipso
303 1668 433 1733 nolente
455 1666 616 1732 discessit.

302 1773 342 1854 (5)
377 1770 543 1837 Pretiosus
571 1770 711 1853 denique
741 1769 796 1835 dei
825 1768 979 1835 sacerdos
1009 1769 1177 1836 Mauritius
1206 1770 1345 1835 Turonis
1375 1789 1545 1852 egressus,
1583 1789 1646 1852 quo
1676 1770 1850 1836 solitariam
1873 1771 1906 1835 11

211 1893 307 1955 quam
331 1873 438 1958 potius
461 1872 621 1956 diligebat
643 1873 670 1938 si
695 1878 804 1957 posset
826 1872 888 1938 sibi
911 1872 1011 1938 vitam
1034 1872 1180 1956 eligeret,
1206 1873 1452 1940 Andecavorum
1467 1892 1643 1957 aggressus
1659 1881 1709 1938 est
1724 1874 1846 1939 urbem.

162 1995 191 2036 rs
217 1979 256 2060 (6)
283 1974 430 2042 Audiens
459 1983 567 2043 autem
595 1976 685 2043 haud
714 1976 811 2058 longe
840 1977 881 2041 ab
912 1976 985 2060 ipsa
1015 1994 1112 2059 super
1134 1976 1276 2060 Ligerim
1305 1974 1439 2042 fluvium
1469 1975 1502 2040 in
1533 1974 1614 2040 villa
1636 1975 1776 2058 quadam
1799 1975 1851 2042 cui

211 2079 320 2163 prisca
343 2087 488 2146 vetustas
509 2080 675 2147 Calonnae
698 2099 815 2144 nomen
837 2078 1002 2144 indiderat
1024 2078 1134 2142 fanum
1157 2078 1225 2145 fore
1248 2079 1506 2162 antiquissimum
1531 2078 1669 2145 diversis
1691 2079 1850 2145 idolorum

211 2182 344 2249 culturis
373 2183 575 2264 dedicatum,
611 2183 657 2248 uti
687 2182 800 2247 maiori
829 2182 898 2248 illic
920 2183 1040 2248 iniuria
1063 2189 1265 2266 quateretur,
1299 2188 1332 2248 et
1354 2182 1450 2247 simul
1473 2182 1639 2264 animans,
1673 2189 1709 2247 ut
1731 2183 1847 2267 ipsum,

209 2285 287 2368 quia
310 2306 374 2352 nou
390 2307 495 2370 pauca
509 2287 556 2352 ibi
571 2287 754 2370 vulgarium
770 2286 956 2370 superstitio
973 2285 1170 2366 servabatur,
1198 2290 1367 2366 everteret,
1393 2284 1515 2351 ibidem
1531 2285 1675 2351 advenit.
1728 2287 1767 2370 [7]
1795 2286 1851 2351 Vi-

210 2387 291 2455 dens
314 2409 402 2474 ergo,
428 2389 505 2473 quia
526 2389 591 2455 nisi
612 2391 715 2455 virtus
735 2387 818 2454 illud
841 2388 953 2454 divina
976 2388 1126 2470 dirueret,
1153 2408 1191 2454 eo
1214 2387 1301 2471 quod
1323 2387 1514 2472 dignitatem
1539 2389 1600 2454 loci
1622 2390 1763 2470 tenebat,
1790 2390 1852 2455 hu-

160 2511 191 2553 ro
211 2512 308 2558 mana
331 2512 395 2558 non
417 2501 527 2577 posset
549 2513 647 2560 manu
671 2492 802 2572 divelli,
829 2499 897 2558 tota
920 2490 963 2559 ad
986 2492 1150 2559 dominum
1174 2499 1282 2558 mente
1305 2511 1479 2558 conversus
1502 2492 1644 2575 expetiit,
1672 2499 1706 2558 ut
1728 2493 1784 2576 qui
1806 2491 1851 2558 ad

209 2595 396 2680 petitionem
426 2596 587 2679 quondam
611 2597 727 2663 Heliae
751 2596 930 2680 prophetae
952 2595 1062 2679 ignem
1085 2595 1126 2661 de
1149 2596 1282 2661 sublimi
1305 2595 1471 2680 deposuit,
1504 2595 1560 2678 qui
1582 2594 1732 2661 infideles
1755 2596 1851 2678 quin-

209 2717 377 2780 quagenos
398 2699 502 2783 primo
525 2719 564 2766 ac
587 2698 730 2766 seeundo
754 2699 896 2781 exussit,
930 2700 1002 2784 ipse
1024 2698 1137 2764 fanum
1160 2697 1340 2764 daemoniis
1363 2706 1600 2779 consecratum,
1636 2698 1691 2765 ubi
1713 2698 1851 2764 diversis

211 2799 373 2865 erroribus
395 2809 520 2868 mentes
536 2802 771 2868 fraudabantur
785 2802 960 2883 humanae,
986 2801 1073 2884 quod
1088 2802 1145 2867 ille
1160 2822 1224 2867 non
1239 2807 1367 2886 poterat
1379 2799 1451 2885 ipse
1467 2800 1658 2868 destrueret.
1711 2803 1748 2884 (8)
1776 2803 1851 2868 Mox

211 2921 286 2967 vero
310 2901 440 2968 divinus
463 2904 549 2987 iguis
572 2925 590 2970 e
614 2906 704 2971 eaelo
727 2905 882 2970 dimissus
904 2903 1057 2987 quioquid
1081 2903 1323 2970 simulacrorum
1346 2909 1379 2968 et
1399 2903 1611 2970 inmunditiae
1633 2903 1752 2970 ibidem
1778 2925 1851 2989 sep

161 3025 191 3066 rs
212 3005 295 3088 perit
318 3006 378 3071 suh
401 3007 553 3072 momenti
571 3007 653 3073 hora
669 3007 878 3092 consumpsit.
919 3007 1095 3072 Eliminata
1109 3006 1208 3089 igitur
1224 3006 1309 3071 omni
1325 3006 1480 3090 spurcitia
1493 3007 1714 3072 honorabilem
1732 3008 1851 3074 Christi

210 3106 257 3173 ibi
288 3108 438 3175 fundavit
466 3109 636 3175 eeclesiam
668 3118 700 3176 et
721 3117 756 3176 ut
778 3109 985 3176 dedicaretur
1007 3109 1144 3176 obtinuit
1166 3109 1335 3194 ipsamque
1357 3109 1560 3194 postmodum
1583 3110 1651 3175 fore
1672 3101 1777 3176 vicum
1800 3111 1851 3176 in-

212 3211 325 3277 stituit.
379 3215 417 3296 (a)
445 3211 494 3278 Ibi
526 3213 611 3278 euim
635 3213 804 3279 bissenos
827 3211 952 3296 degens
974 3234 1033 3297 per
1054 3233 1156 3279 annos
1178 3213 1290 3279 multis
1314 3232 1349 3279 se
1370 3213 1502 3279 ieiuniis
1526 3223 1558 3278 et
1580 3213 1776 3278 orationibus
1799 3233 1851 3280 ae-

211 3313 289 3380 dule
321 3314 449 3381 domino
476 3316 692 3400 mancipabat.
741 3316 886 3395 Quantas
910 3318 1066 3400 qualesve
1089 3315 1208 3382 ibidem
1232 3316 1380 3382 dominus
1402 3316 1589 3400 peripsum
1613 3316 1747 3383 virtutes
1770 3337 1850 3400 ope-

212 3423 301 3482 ratus
326 3417 376 3498 sit,
404 3438 467 3485 non
490 3427 540 3485 est
562 3427 690 3486 nostrae
713 3419 878 3486 facultatis
901 3420 1060 3500 evolvere,
1087 3440 1163 3486 nam
1185 3427 1340 3502 quantum
1363 3419 1489 3503 inipso
1513 3418 1574 3485 fuit
1588 3438 1699 3485 omnes
1714 3420 1850 3486 virtutes

299 3590 423 3642 auster.
447 3592 486 3653 ro,
508 3591 549 3640 ro.
660 3593 690 3642 rr
711 3595 756 3644 rv.
778 3595 839 3656 neg.
863 3593 885 3656 r,
909 3594 948 3645 ro.
973 3593 1014 3645 rr.

210 3856 276 3899 trem
303 3851 466 3912 superstitem
490 3851 594 3914 reliquit
613 3866 670 3918 cum
689 3851 854 3902 facultatibus
873 3855 1000 3903 universis
1018 3854 1126 3916 quasin
1144 3853 1373 3902 Mediolanensibus
1393 3854 1454 3901 urbe
1472 3853 1620 3916 possederat
1637 3853 1706 3901 unde
1724 3855 1849 3903 natalibus

210 3937 285 3984 claris
304 3939 388 3986 iuerat
404 3936 537 3988 oriundus.

297 4023 313 4071 l
334 4021 504 4084 ldupuobodua
521 4024 539 4074 ι.
561 4024 598 4072 t.:
624 4024 717 4073 Beatus
741 4025 820 4085 igitur
837 4025 971 4074 hlautilius
994 4027 1042 4074 snb
1060 4027 1159 4074 Iuliano
1183 4038 1281 4074 caesare
1305 4031 1430 4073 terrenam
1453 4026 1560 4087 patrium
1587 4037 1631 4088 pro
1650 4025 1742 4074 obusti
1768 4040 1850 4076 amore

210 4108 356 4169 despiciens
375 4110 479 4158 humilis
497 4113 559 4160 exui
577 4111 604 4158 ιιι
625 4109 720 4159 Gallias
737 4111 891 4161 adventavit.

298 4193 366 4243 i-8
385 4194 557 4256 Maguobodaa
575 4197 593 4245 l.
614 4198 651 4246 t.:
675 4198 764 4259 Itaqne
785 4199 888 4246 beatum
908 4197 1044 4247 Martinam
1069 4198 1237 4246 clarissimum
1262 4198 1312 4245 iam
1337 4203 1398 4244 turre
1416 4195 1554 4244 Turonieee
1574 4198 1683 4247 civitatis
1702 4199 1849 4262 episcopum

210 4281 331 4342 expetiit,
353 4281 398 4343 qui
417 4295 475 4330 eum
494 4287 622 4343 gratarum
641 4283 784 4345 suscipiens
803 4283 986 4333 subdiaconum
1003 4291 1030 4331 et
1049 4283 1182 4332 diaconum
1200 4283 1334 4332 ordinavit.

301 4364 401 4415 11-13
421 4366 592 4430 Memmiadae
610 4370 627 4416 t.
644 4369 681 4417 t.:
701 4369 790 4431 ltaque
808 4383 836 4418 se
854 4370 963 4418 invicem
981 4370 1122 4418 osculantes
1140 4377 1166 4418 et
1185 4371 1276 4418 maesti
1294 4370 1402 4418 multum
1420 4370 1451 4417 ab
1471 4382 1498 4417 se
1514 4381 1540 4416 se
1561 4367 1667 4428 digressi
1684 4375 1746 4419 sunt
1763 4377 1790 4421 et
1807 4371 1850 4420 iile

211 4452 359 4501 solitudinis
376 4452 557 4502 habitationem
576 4456 686 4504 maxime
705 4455 851 4503 desiderans
868 4456 932 4505 abiit
951 4457 1017 4504 viam
1037 4470 1116 4504 suam.

299 4537 401 4588 ib-id
421 4538 590 4601 Mcpuobodas
608 4557 629 4590 e.
649 4540 680 4590 2.·
706 4542 821 4590 Διιιιιιιιιι
839 4544 880 4589 vir
897 4542 939 4589 dei
958 4542 1101 4600 blanditus,
1122 4541 1187 4603 quod
1207 4543 1295 4590 iauurn
1315 4549 1382 4590 esset
1400 4543 1605 4604 antiquissimum
1623 4543 1651 4590 iu
1669 4543 1793 4592 territorio
1813 4546 1849 4592 ci·

210 4625 300 4674 vitatis
318 4625 468 4675 Andecavae
486 4627 538 4675 loco
557 4629 601 4688 qui
620 4628 763 4675 nominatur
780 4627 889 4677 Calonns
908 4641 984 4690 super
1004 4627 1066 4676 litus
1085 4627 1193 4689 Ligeris,
1219 4629 1302 4690 ipsum
1327 4629 1425 4676 fortiter
1450 4634 1643 4691 expugnaturus
1665 4630 1850 4678 incredulitatis

211 4712 326 4761 iornitarn
345 4711 407 4760 illue
425 4718 568 4761 constanter
587 4713 701 4762 advenit.

298 4797 400 4848 iti-25
421 4797 590 4860 Mopuobodns
608 4801 625 4849 l.
646 4800 683 4850 t.:
711 4801 752 4848 lbi
779 4806 836 4863 post
862 4801 969 4849 multam
996 4799 1188 4861 praedicationis
1212 4805 1239 4848 et
1262 4800 1473 4848 abstinentiarum
1499 4803 1647 4849 instantiam
1669 4806 1768 4848 tautum
1793 4801 1849 4850 eius

211 4886 380 4946 magnanimis
403 4885 481 4934 oratio
504 4887 618 4935 obtinuit
642 4901 656 4935 a
680 4887 794 4948 domino,
821 4891 851 4935 ut
872 4888 939 4947 ignis
964 4886 995 4934 de
1019 4887 1087 4935 caelo
1103 4887 1237 4934 manifeste
1256 4887 1343 4948 lapsus
1361 4887 1486 4948 ternplum
1504 4887 1570 4936 illud
1589 4901 1646 4936 cnm
1665 4887 1777 4935 delubris
1796 4889 1849 4935 suis

210 4977 315 5033 repente
335 4977 433 5020 voraret
449 4971 480 5020 ad
499 4971 694 5020 similitudinem
712 4972 830 5021 videlieet
849 4974 967 5034 autiquae
986 4973 1087 5021 virtutis
1105 4972 1173 5021 beati
1186 4972 1258 5021 hiliae
1275 4974 1420 5036 prophetae,
1440 4987 1497 5022 cum
1517 4974 1596 5022 oratio
1615 4980 1702 5021 sancta
1719 4973 1751 5020 ad
1767 4973 1850 5020 zelnrn

212 5055 253 5105 dei
271 5057 298 5104 in
317 5058 408 5118 irnpios
426 5056 597 5106 exercendum
617 5060 702 5116 ignem
721 5059 836 5107 divinum
855 5058 956 5107 demitti
975 5059 1082 5107 caelitus
1099 5061 1255 5121 impetravit.
1787 5038 1792 5049 Ι

298 5140 400 5190 25-2ῖ
420 5140 590 5202 Mopuobedus
608 5145 625 5192 l.
648 5145 684 5193 t.:
708 5145 790 5207 lgitur
814 5145 934 5193 mundato
957 5144 1082 5194 divinitus
1106 5145 1158 5194 loeo
1183 5145 1315 5194 ecelesiam
1334 5144 1429 5194 Christi
1447 5145 1542 5193 ibidem
1562 5143 1642 5194 tidelis
1660 5145 1771 5193 famulus
1789 5156 1849 5192 con·

212 5230 307 5276 struxit
326 5229 460 5290 vicumque
478 5229 600 5292 institnit,
622 5231 667 5278 ubi
685 5235 710 5278 et
728 5235 888 5280 conversatus
908 5237 947 5278 est
966 5245 1047 5294 usque
1065 5246 1115 5294 quo
1132 5245 1196 5280 onus
1215 5233 1374 5293 episcopatus
1393 5233 1498 5294 aceepit.

299 5313 332 5364 28
350 5341 386 5350 -
401 5328 428 5375 ρ.
444 5313 486 5376 86,
507 5314 556 5365 tt
576 5313 745 5378 Moossobodua
764 5317 780 5366 l.
802 5318 838 5366 t.:
863 5316 975 5376 Quantas
1000 5323 1085 5366 antem
1110 5332 1142 5366 ex
1167 5323 1229 5366 tune
1247 5317 1310 5365 inihi
1330 5319 1438 5365 virtutes
1456 5317 1573 5367 domiuus
1591 5330 1637 5381 per
1654 5331 1713 5366 ιιιιιιι
1732 5322 1849 5380 operatus

301 5556 405 5605 texuit
425 5558 455 5619 0,
474 5559 508 5620 es.
529 5559 601 5620 iufra
617 5573 645 5620 p.
661 5556 703 5620 at,
724 5557 770 5606 l.5
854 5556 1181 5626 tautagros]ue1agros
1204 5558 1249 5606 uu
1338 5557 1369 5607 13
1388 5555 1510 5626 denique]
1528 5557 1655 5621 itaque?
1743 5559 1772 5607 17
1793 5559 1849 5607 cni-

212 5644 280 5692 tihus
303 5642 343 5704 [Pi
