4336 6262
831 331 1262 389 vrrsensrrnnvmnn.
1827 335 1866 398 87

231 527 313 592 nihil
344 525 433 590 aliud
464 525 714 610 praestolaretur
742 523 805 588 nisi
835 523 1001 604 interitus,
1037 523 1113 606 quia
1141 523 1206 588 iam
1236 521 1411 588 semivivus
1441 522 1569 588 iacebat
1598 529 1767 602 extensae,
1801 529 1868 589 tum

232 630 351 696 caeteri
384 646 535 713 pecorum
569 633 714 712 pastores
748 625 812 690 fide
846 625 1029 691 commoniti
1057 624 1219 690 infirmum
1249 624 1454 710 praesentiae
1483 623 1634 690 deferunt
1663 624 1865 690 confessoris.

237 735 298 816 (21)
327 732 466 798 Sanctus
494 736 602 796 antem
625 728 794 794 Maurilins
823 749 896 794 enm
919 728 1054 795 intuitus
1077 749 1180 811 eaque
1203 727 1267 794 fide
1289 728 1451 812 repletus,
1484 747 1549 810 qua
1572 728 1677 794 iuerat
1699 734 1731 794 et
1753 729 1868 794 beatus

233 836 352 901 Paulus
380 834 546 921 apostolus
575 832 703 917 quando
731 831 765 896 iu
793 832 920 917 proprio
950 831 1052 915 digito
1082 832 1226 916 viperam
1257 829 1451 915 pendentem
1481 831 1624 898 excussit
1650 831 1815 915 inignem
1838 838 1871 898 et

199 938 314 1004 anihil
341 937 420 1004 mali
447 955 565 1023 passus
595 943 660 1016 est,
696 935 849 1002 universa
877 935 969 1020 pueri
1000 935 1144 1000 membra
1173 935 1315 1018 signavit
1336 942 1369 1001 et
1391 935 1501 1012 oculos
1524 934 1568 1000 ad
1591 935 1716 1000 caelum
1739 935 1869 1018 erigens

231 1042 265 1108 in
294 1042 365 1127 ipso
395 1040 586 1107 vulnusculo
616 1059 675 1123 per
702 1037 788 1121 quod
819 1038 932 1123 vipera
962 1039 1049 1105 virus
1078 1037 1240 1105 inflixerat
1270 1038 1312 1105 de
1334 1037 1465 1123 propria
1489 1038 1593 1103 saliva
1616 1037 1745 1120 signum
1769 1039 1870 1103 crucis

230 1144 405 1229 impressit.
457 1145 518 1226 (22)
547 1141 728 1225 Statimque
757 1162 916 1208 venenum
946 1162 987 1208 ex
1015 1142 1163 1209 omnibus
1195 1142 1335 1228 corporis
1358 1141 1502 1226 partibus
1525 1147 1709 1208 revocatum
1733 1143 1871 1208 cucurrit

231 1248 275 1313 ad
304 1248 409 1332 ipsum
438 1266 496 1333 per
524 1265 621 1329 quem
652 1265 687 1312 se
716 1245 909 1311 inmerserat
938 1246 1056 1311 locum.
1104 1246 1255 1329 Integrae
1282 1245 1382 1330 igitur
1405 1244 1537 1310 sanitati
1561 1265 1636 1310 mox
1658 1243 1803 1310 redditus
1827 1244 1871 1310 ad

231 1349 352 1416 domiui
375 1350 426 1414 sui
448 1348 534 1432 quod
556 1349 677 1415 invitus
699 1348 875 1432 reliquerat
896 1349 1067 1415 incolumis
1090 1349 1256 1415 servitium
1279 1348 1422 1415 recurrit.

183 1476 211 1514 (0
323 1455 385 1536 (23)
411 1451 657 1519 Andecavensis
679 1451 830 1518 territorii
852 1459 998 1518 matrona
1020 1453 1178 1537 quaedam
1203 1452 1380 1537 pernobilis
1402 1472 1487 1519 nexa
1509 1459 1618 1518 tamen
1640 1451 1769 1517 vinculo
1792 1471 1869 1517 oon-
1892 1453 1936 1518 VI

231 1556 336 1640 iugali
365 1576 407 1623 ex
436 1562 579 1640 tempore
607 1575 686 1622 suae
717 1555 929 1640 copulationis
954 1555 1073 1622 sterilis
1095 1557 1315 1641 permanebat.
1364 1555 1456 1634 Quae
1479 1556 1556 1621 dnm
1578 1575 1635 1638 pro
1658 1553 1872 1640 adipiscenda

232 1661 322 1745 prole
356 1660 520 1727 dominum
554 1664 740 1745 precaretur
776 1658 908 1724 assidue
945 1666 978 1725 et
1011 1679 1216 1743 nequaquam
1246 1667 1355 1725 votum
1384 1679 1477 1725 sunm
1507 1659 1652 1725 obtinere
1682 1658 1805 1725 vale'ret
1831 1678 1871 1723 ac

232 1762 422 1848 procederet
451 1771 578 1828 matura
606 1762 640 1828 iu
663 1781 766 1828 annos
789 1761 1026 1847 desperationis
1048 1763 1227 1849 adepturae
1249 1765 1314 1829 iam
1337 1763 1454 1848 prolis,
1487 1763 1531 1828 ad
1555 1762 1685 1829 beatum
1708 1762 1811 1828 virum
1834 1781 1870 1828 se

232 1874 299 1932 tota
320 1875 427 1933 mente
450 1867 606 1933 convertit
628 1865 742 1933 sedule
765 1865 934 1948 flagitans,
962 1874 996 1933 ut
1018 1867 1104 1950 quod
1125 1867 1185 1933 illa
1206 1888 1270 1934 nou
1292 1863 1482 1934 merebatur
1497 1867 1569 1953 ipse
1591 1865 1680 1951 apud
1705 1865 1869 1932 dominum
1920 1917 1922 1920 .

184 1990 212 2031 rs
233 1970 301 2034 suis
331 1969 453 2036 meritis
482 1977 515 2036 et
543 1970 826 2036 intercessionibus
853 1970 1023 2050 obtineret,
1059 1978 1092 2037 et
1113 1971 1141 2036 si
1164 1971 1233 2038 suis
1256 1971 1406 2057 precibus
1429 1970 1500 2036 seni
1521 1970 1662 2036 feminae
1685 1969 1786 2034 filium
1809 1969 1871 2033 im-

233 2080 361 2158 petrare
384 2073 550 2157 potuisset,
579 2073 684 2158 ipsum
708 2093 743 2138 se
767 2073 895 2138 domino
919 2074 1098 2139 oblaturam
1122 2082 1154 2140 et
1176 2082 1333 2160 perpetuo
1357 2073 1549 2140 serviturum
1573 2079 1640 2139 tota
1661 2071 1727 2137 fide
1742 2091 1781 2136 ao
1797 2079 1869 2138 voto

232 2177 458 2260 pollicebatur.
523 2179 584 2258 (21)
619 2177 752 2242 1212222
779 2182 887 2242 summ
916 2177 965 2241 vir
994 2179 1109 2243 beatus
1138 2177 1282 2243 mulieris
1313 2183 1453 2242 mentem
1484 2183 1515 2241 21
1544 2174 1641 2242 fidem
1670 2194 1710 2240 20
1738 2174 1870 2241 fletuum

232 2280 410 2346 ubertatem
441 2279 585 2363 nihilque
615 2279 703 2365 apud
732 2278 828 2345 deum
858 2279 1058 2364 impossibile
1081 2299 1154 2346 esse
1177 2280 1360 2362 confidens,
1387 2279 1444 2363 qni
1465 2287 1592 2364 partum
1615 2278 1745 2343 vetulae
1769 2277 1870 2344 Sarae

232 2389 264 2449 et
287 2383 332 2448 ad
354 2382 541 2469 petitionem
557 2383 631 2449 Heli
656 2382 831 2450 sacerdotis
853 2383 957 2448 filium
975 2383 1183 2450 Samuhelem
1206 2384 1333 2450 scilicet
1354 2384 1544 2468 prophetam
1569 2383 1629 2448 sub
1653 2401 1771 2466 sponso
1796 2388 1870 2447 voto

182 2507 211 2548 20
233 2486 334 2553 sterili
366 2486 526 2554 concessit
548 2488 679 2568 Annae,
715 2487 878 2553 dominum
902 2507 961 2572 pro
985 2486 1106 2554 femina
1127 2494 1317 2573 precaturus
1340 2486 1487 2553 accessit.
1541 2488 1603 2569 (25)
1630 2484 1870 2566 Exaudivitque

231 2589 380 2656 domiuus
411 2591 514 2656 virum
544 2597 576 2656 et
605 2590 792 2675 deprecanti
822 2589 964 2656 feminae
994 2598 1198 2676 conceptum,
1217 2591 1308 2657 dedit
1336 2598 1369 2656 et
1398 2597 1542 2675 partum,
1577 2609 1670 2671 quem
1699 2588 1758 2654 iila
1787 2588 1871 2654 sicut

231 2694 423 2776 promiserat
451 2693 580 2758 domiuo
609 2693 809 2760 consecravit
839 2693 1037 2760 habendum.
1101 2697 1162 2777 (26)
1191 2694 1296 2773 Quale
1326 2713 1402 2758 vero
1431 2701 1651 2776 quantumque
1680 2691 1869 2757 miraculum

232 2814 329 2878 super
351 2795 490 2861 eundem
512 2795 661 2862 dominus
683 2816 742 2881 per
764 2797 894 2862 beatum
916 2798 1115 2878 Mamilium,
1150 2804 1320 2882 postquam
1343 2802 1475 2862 sauctae
1496 2796 1740 2862 Andecavensis
1763 2796 1871 2861 ecole-

233 2897 301 2962 siae
325 2897 530 2982 episcopatus
552 2899 707 2965 honorem
729 2900 871 2984 accepit,
906 2908 1058 2985 operatus
1082 2908 1131 2967 est
1153 2921 1288 2986 puerum
1311 2900 1354 2964 ad
1376 2899 1645 2965 corroborandam
1668 2897 1765 2963 fidem
1788 2896 1869 2964 lide-

182 3019 212 3060 2(
232 2998 329 3080 lium,
368 3000 444 3066 licet
476 2999 560 3066 illud
592 3003 706 3068 beatus
734 3004 929 3068 Fortunatus
963 3009 1092 3088 propter
1125 3003 1232 3069 minus
1266 3003 1435 3069 credentes
1468 3002 1627 3083 omiserit,
1664 3001 1761 3066 immo
1794 3000 1870 3083 quia

232 3121 342 3168 verum
373 3110 423 3169 est
452 3111 485 3170 et
512 3123 564 3170 res
594 3112 643 3170 est
673 3105 775 3189 digua
804 3107 972 3188 memoria,
1006 3127 1069 3173 non
1091 3107 1282 3173 tacebimus.
1336 3107 1396 3190 (27)
1423 3105 1517 3185 Quod
1539 3113 1667 3185 122222,
1699 3103 1776 3186 quia
1798 3109 1871 3187 post

232 3213 398 3290 acceptum
422 3207 643 3292 episcopatum
665 3208 829 3293 idipsum
851 3229 908 3292 pro
931 3229 970 3276 eo
994 3209 1142 3277 domiuus
1165 3209 1256 3290 fecit,
1289 3229 1347 3276 suo
1369 3209 1403 3274 in
1425 3209 1495 3274 loco
1519 3208 1634 3274 melius
1656 3225 1865 3290 exponemus.

231 3308 293 3373 Hic
315 3329 391 3376 vero
413 3329 497 3392 quae
520 3317 596 3376 aute
619 3311 840 3396 episcopatum
863 3333 921 3399 per
943 3332 1017 3379 eum
1041 3313 1189 3380 dominns
1212 3313 1326 3380 iecerit
1346 3313 1381 3379 iu
1403 3311 1514 3378 ordine
1537 3311 1769 3378 describemus.

323 3415 384 3495 (28)
413 3413 487 3478 Non
508 3413 605 3498 longe
628 3436 704 3481 vero
727 3436 748 3480 a
768 3417 966 3503 praescripto
988 3418 1059 3483 vico
1082 3417 1266 3500 Calonnae,
1300 3417 1353 3482 eui
1373 3416 1424 3482 vir
1445 3417 1560 3482 beatus
1583 3420 1733 3500 praeerat
1754 3433 1869 3496 quem·
1891 3413 1953 3480 VH

182 3537 212 3576 00
233 3535 296 3600 que
326 3515 460 3582 sedulus
490 3517 668 3599 incolebat,
704 3526 774 3586 erat
802 3519 933 3604 quidam
958 3521 1050 3587 collis
1073 3521 1252 3588 Prisciacus
1275 3521 1403 3586 nomine
1426 3519 1564 3586 diversis
1586 3517 1744 3583 idolorum
1766 3516 1869 3582 titulis

232 3617 413 3685 decoratus.
454 3621 622 3686 Maurilius
646 3642 721 3688 vero
745 3622 859 3689 doleus
881 3623 972 3690 illam
995 3625 1124 3710 longius
1147 3645 1277 3691 manere
1300 3623 1570 3710 superstitionem,
1597 3621 1653 3688 ubi
1669 3620 1869 3686 diversarum

232 3722 412 3788 animarum
444 3723 596 3791 credebat
624 3725 732 3792 inesse
760 3726 989 3811 perditionem,
1023 3727 1163 3810 quadam
1195 3728 1249 3795 die
1273 3726 1427 3794 adhibitis
1450 3746 1558 3792 secum
1582 3723 1695 3810 paucis
1718 3721 1869 3788 fidelibus

232 3826 310 3892 viris
324 3826 467 3912 perrexit
481 3827 524 3892 ad
539 3828 655 3894 locum.
691 3831 752 3914 (29)
774 3830 918 3914 Cumque
935 3832 1137 3917 pervenisset
1151 3831 1194 3898 ad
1209 3831 1344 3910 idolum,
1363 3828 1496 3896 utillud
1511 3829 1680 3910 everter'et,
1699 3826 1870 3892 daemonia

323 4018 337 4066 2
358 4021 417 4066 aas.
439 4016 482 4081 22,
502 4017 527 4068 2,
638 4019 668 4070 rs
688 4021 752 4071 200.
774 4021 815 4083 rt,
838 4022 862 4071 2.
972 4022 1004 4072 ro
1022 4024 1044 4072 1.
1064 4024 1125 4082 neg.
1148 4021 1171 4086 2,
1192 4022 1236 4073 20.

232 4309 314 4358 120122
334 4317 416 4371 22221,
441 4311 472 4360 ad
490 4317 605 4362 22201222
624 4314 770 4364 1122211122
788 4317 840 4364 1222
858 4317 886 4365 12
906 4317 957 4366 11112
975 4317 1035 4366 10012
1052 4319 1161 4365 ramosae
1178 4317 1311 4378 potentiae
1329 4316 1453 4366 medicum
1471 4315 1621 4378 (1222222122
1640 4313 1780 4362 adducitur.
1819 4313 1869 4372 Qui

231 4400 261 4442 21
286 4408 344 4444 eum
368 4397 446 4456 vidit,
472 4397 503 4446 de
527 4399 606 4448 saliva
631 4401 1869 4465 222122222221222221222222222122212222222211212221211212221122222212122212

231 4481 330 4531 reddita
352 4492 393 4531 est
417 4484 525 4534 22211222
553 4487 620 4534 21221
639 4489 707 4536 enim
725 4489 826 4536 beatum
844 4489 951 4538 Paulum
970 4489 1108 4552 2222121222
1126 4489 1253 4552 quondam
1272 4490 1358 4550 vipera
1376 4489 1492 4538 mordens
1511 4489 1540 4536 sd
1560 4489 1695 4537 interitum
1714 4501 1764 4536 nou
1782 4487 1867 4549 laesit,

231 4567 268 4614 112
286 4581 333 4616 220
351 4581 458 4630 puerum
477 4571 545 4619 huuc
562 4575 694 4635 apostolici
711 4575 760 4622 2121
778 4575 888 4624 Μ2221111
907 4576 1049 4625 medicante
1068 4577 1162 4626 virtute
1180 4577 1301 4626 mirabili.

320 4653 705 4717 10-2220200201020.2.·
734 4660 795 4708 Erat
819 4662 910 4710 2221122
933 4663 960 4711 12
984 4663 1048 4725 12212
1072 4663 1166 4711 linibus
1191 4662 1285 4710 21221112
1309 4662 1354 4710 (112
1379 4673 1543 4724 permaneus,
1573 4673 1637 4722 quae
1665 4660 1774 4708 22211222
1798 4661 1868 4721 22122

230 4751 289 4801 2222
311 4741 407 4803 pudore
433 4744 562 4791 matronali
588 4751 721 4809 cunctata,
747 4748 899 4797 necesstiate
923 4748 1027 4797 taudem
1051 4750 1180 4812 compulsa
1204 4753 1323 4796 2222012
1341 4737 1457 4795 llauriiio
1475 4747 1564 4810 221111,
1591 4751 1720 4795 21022221
1738 4745 1867 4794 domiuum

230 4836 276 4887 222
294 4826 358 4887 1222,
379 4831 504 4888 quatenus
523 4830 547 4876 21
564 4831 645 4878 iillum
665 4831 744 4896 (12221,
765 4833 809 4896 qui
828 4834 902 4882 etad
921 4835 1001 4896 ipsam
1020 4836 1151 4884 2021221222
1168 4834 1275 4884 (1222122
1292 4834 1392 4884 domino
1409 4835 1556 4884 deserviret.
1595 4832 1733 4881 1122221211
1750 4830 1868 4880 dominus

230 4924 318 4972 220022
338 4913 405 4961 servi
423 4914 463 4960 221
482 4913 608 4977 llaurilll,
629 4918 718 4967 muller
736 4921 852 4984 concepit
870 4925 896 4969 21
914 4922 1015 4984 peperit
1031 4922 1121 4982 illium,
1141 4922 1186 4984 qui
1205 4920 1344 4970 secundum
1363 4925 1419 4969 2212
1435 4925 1570 4982 parentum
1589 4919 1682 4968 divinis
1700 4917 1808 4966 traditus
1826 4916 1868 4965 oi-

231 4997 296 5046 iicils
317 4998 399 5047 eidem
417 4999 538 5050 202122122
558 5001 711 5052 (1212222221
729 5004 803 5066 louge
821 5012 935 5070 tempore
953 5007 1104 5056 deservivit:
1125 5020 1184 5056 2222
1202 5019 1359 5069 consequens
1377 5012 1417 5056 221
1435 5007 1575 5067 sententia,
1597 5007 1664 5054 21221
1681 5005 1712 5052 ab
1731 5003 1806 5052 Anne
1823 5017 1868 5065 per

231 5086 335 5143 22211222
355 5085 450 5134 domini
468 5088 569 5146 genitus
588 5095 627 5138 221
645 5089 755 5154 Samuel,
775 5094 821 5154 qui
839 5095 954 5144 sacerdos
973 5093 1014 5142 (121
1032 5097 1058 5142 21
1075 5093 1197 5156 22022212
1215 5095 1321 5143 servivit
1338 5094 1365 5142 iu
1384 5094 1487 5156 templo,
1509 5093 1544 5141 112
1562 5092 1753 5154 2122221222.

319 5170 352 5221 29
369 5197 405 5207 -
420 5187 447 5233 2.
463 5171 506 5236 88,
526 5174 544 5222 1.
559 5173 574 5222 'l
595 5173 766 5236 Mupnododua
784 5192 805 5225 0.
826 5181 860 5226 6.·
883 5179 1047 5229 11222222221
1064 5179 1161 5228 (1121122
1179 5183 1253 5229 12212
1271 5181 1391 5243 oppidum
1408 5181 1491 5242 122122
1510 5179 1560 5227 2121
1579 5177 1705 5227 calonnae
1728 5175 1799 5225 221112
1823 5176 1867 5237 qui

230 5261 334 5305 2202122
352 5258 493 5307 Priscianus
516 5259 623 5310 diversis
647 5261 728 5312 adhuc
750 5247 873 5314 iddiorum
893 5267 978 5314 titulis
996 5266 1118 5329 22212122.
1161 5267 1209 5316 Vbi
1227 5275 1312 5317 saneto
1330 5267 1423 5328 spiritu
1441 5267 1571 5315 revelante
1590 5264 1734 5312 virbeatus
1752 5262 1868 5322 22222211

231 5346 333 5405 tempus
358 5344 409 5393 sibl
432 5359 447 5392 a
464 5346 565 5395 domiuo
583 5349 735 5408 praestitum
753 5350 822 5399 illam
840 5364 940 5414 quoque
960 5355 1102 5402 2212222222
1121 5353 1234 5402 iraudem
1256 5352 1418 5414 destruendi,
1444 5352 1475 5399 ad
1494 5353 1577 5414 ipsum
1595 5351 1677 5398 122222
1695 5350 1745 5397 1122
1762 5347 1865 5396 direxit.

320 5637 330 5686 1
352 5643 414 5688 1222
434 5639 473 5703 (Ρ)
581 5639 596 5689 3
615 5637 652 5707 21]
670 5607 758 5690 02221>
863 5641 894 5692 io
913 5641 1419 5712 222202222212]121121221222222212
1438 5643 1461 5692 P
