4456 6202
1096 312 1326 370 Pavonurvu.

601 535 700 598 eodem
726 537 830 600 Tolosa
854 540 886 600 in
908 539 988 602 bone
1009 540 1115 602 vrbem
1142 536 1325 622 (Biturigas)
1353 540 1473 602 delatus
1496 541 1632 602 venitin
1655 559 1766 602 manus
1789 559 1871 602 meas
1893 540 2033 621 beneficio

609 642 639 702 V.
660 641 694 703 G.
714 642 837 704 Claudii
850 643 928 722 lolii,
957 645 1108 706 Ecclesiae
1126 646 1351 706 Purisiaeensis
1368 645 1523 723 Canonici,
1550 643 1720 707 eruditione
1741 652 1829 724 atque
1848 647 1879 705 in
1895 645 2033 708 eruditos

603 762 705 807 omnes
727 743 916 808 humanitate
936 750 1210 828 praestantissimi.
1256 745 1508 831 Moyssiaeensis
1531 765 1658 829 quoque
1679 745 1807 830 integer
1829 753 1909 812 erat.

482 877 592 944 Codex
613 879 668 963 qni
692 880 836 964 sequitur
857 888 890 948 et
912 881 1050 950 Suriaue
1072 883 1168 950 editio
1191 889 1314 950 textum
1337 883 1537 952 decurtatum
1560 881 1732 949 888118881.

396 998 423 1062 Β
555 998 665 1066 Codex
680 1000 903 1069 Bruxeliensis
924 1024 972 1068 nr.
993 1006 1088 1086 9289,
1115 1023 1201 1071 saec.
1221 1005 1278 1088 XI,
1305 1004 1362 1070 181.
1382 1007 1521 1069 74-75.
1560 1004 1717 1088 Prologus
1740 1011 1773 1070 et
1794 1004 1950 1071 miracula
1973 1005 2033 1071 de-

601 1104 800 1187 siderautar;
833 1108 995 1193 complura
1024 1127 1151 1191 quoque
1179 1129 1220 1174 ex
1248 1108 1321 1194 ipsa
1352 1109 1418 1174 vita
1447 1106 1645 1175 exciderunt.
1693 1106 1821 1174 Desinit
1849 1107 1883 1174 in
1910 1108 2028 1174 verbo:

600 1213 730 1274 viventis
758 1210 851 1292 (infra
873 1232 906 1296 p.
925 1215 976 1292 60,
997 1212 1056 1296 19).
1081 1249 1124 1258 -
1148 1212 1252 1296 Vogel
1274 1213 1420 1279 eontulit.

394 1308 416 1372 S
552 1313 681 1395 Sunius,
716 1318 759 1377 De
778 1316 920 1398 probatis
942 1327 1119 1381 sanctorum
1142 1319 1293 1399 historiis,
1327 1320 1466 1381 Coloniae
1490 1321 1589 1398 1575,
1618 1315 1673 1398 111,
1701 1317 1757 1396 78,
1792 1313 1904 1382 eadem
1927 1314 2034 1381 edidit

602 1435 685 1498 quae
708 1416 735 1481 B
758 1418 908 1486 eontinet.

551 1521 646 1583 Lucii
666 1542 700 1606 p.
719 1525 760 1586 96
784 1523 835 1606 (=
856 1528 957 1609 ldipne
978 1524 1193 1608 LXXXVIII,
1216 1546 1248 1610 p.
1269 1525 1340 1608 513)
1368 1531 1491 1590 textam
1513 1524 1722 1591 Lebbeanum
1746 1520 1906 1610 repetivit,
1933 1543 2032 1607 quem

601 1643 673 1689 eum
696 1625 790 1692 Surio
813 1627 958 1694 88818111.

478 1759 547 1826 Nos
569 1767 737 1846 postquam
760 1763 787 1827 L
809 1784 850 1830 ex
872 1763 898 1828 B
922 1764 1179 1846 emendavimus,
1212 1765 1245 1831 iu
1268 1765 1302 1831 u
1323 1764 1508 1846 incidimus,
1539 1763 1626 1830 unde
1653 1762 1809 1831 nonnulla
1832 1783 1915 1846 quae
1938 1783 1979 1829 ex
2003 1764 2032 1828 B

392 1878 457 1945 iam
486 1900 712 1967 receperamus
742 1883 1028 1968 confirmabantur,
1062 1893 1098 1952 81
1127 1885 1211 1952 infra
1241 1908 1273 1972 p.
1300 1889 1351 1970 58,
1382 1898 1412 1948 18
1435 1887 1550 1970 biinqes
1572 1885 1650 1969 BM,
1684 1886 1770 1970 bique
1791 1885 1921 1949 bominis
1944 1886 2032 1948 illius

396 2005 548 2067 animalia
570 2003 606 2068 L.
653 2002 837 2072 Dolendum
859 2013 968 2073 881818
992 2013 1057 2091 881,
1092 2006 1177 2089 quod
1199 2007 1309 2075 Labbe
1332 2027 1496 2094 perpauca
1518 2012 1644 2073 tanturn
1666 2027 1707 2072 ex
1729 2006 1761 2070 M
1783 2003 1954 2090 appendici
1977 2005 2032 2070 in·

393 2122 503 2188 seruit.
551 2123 685 2190 LibriS
713 2145 754 2191 88
781 2125 849 2193 iere
879 2127 949 2194 sola
977 2127 1153 2213 adscripsi,
1184 2148 1269 2212 quae
1302 2149 1374 2195 cnm
1395 2128 1422 2194 L
1444 2127 1497 2194 vel
1520 2128 1552 2192 M
1574 2125 1769 2194 conveniunt
1789 2132 1846 2191 aut
1867 2148 1888 2191 8
1910 2126 1936 2191 Β
1960 2125 2033 2191 dis-

393 2243 543 2308 sentiunt.
585 2244 700 2330 Neque
722 2266 797 2313 vero
821 2247 929 2314 omnia
951 2247 1151 2315 admittenda
1174 2268 1246 2315 esse
1270 2248 1358 2332 duxi,
1383 2248 1418 2314 in
1440 2248 1556 2333 quibus
1578 2247 1601 2313 S
1624 2254 1657 2314 et
1680 2247 1705 2312 L
1728 2246 1927 2328 concordant,
1956 2267 2031 2312 eum

394 2362 503 2429 Labbe
525 2385 765 2450 nonnumquam
788 2374 910 2434 textum
931 2368 1135 2436 immutatam
1158 2369 1181 2434 S
1203 2369 1375 2436 retinuisse
1396 2368 1556 2436 videatur.

546 2490 742 2570 Rapnouord,
762 2491 860 2554 Cboioe
872 2492 924 2554 des
933 2493 1050 2574 poesies
1063 2494 1230 2575 originales
1242 2493 1295 2554 des
1308 2493 1524 2567 tronbodonrs,
1542 2493 1631 2552 Paris
1646 2493 1740 2571 ltili,
1757 2489 1799 2572 II,
1815 2510 1846 2574 p.
1862 2489 2032 2556 CXLVIII

598 2591 782 2677 fragmenta
804 2593 955 2660 carminis
978 2594 1137 2662 debeata
1160 2593 1311 2661 Amantio
1334 2613 1420 2660 8888.
1439 2594 1488 2659 XI
1507 2594 1559 2659 881
1580 2592 1646 2657 XII
1667 2593 1814 2660 versibus
1837 2592 2032 2676 rhythmicis

597 2693 773 2781 linguaque
796 2697 941 2764 Romana
963 2698 1133 2783 conscripti
1155 2697 1320 2765 indicavit.

938 3041 1035 3125 VIII.
1062 3042 1174 3126 viru
1202 3045 1238 3127 8.
1267 3041 1470 3125 seusun.

477 3229 527 3295 De
554 3230 678 3315 origiue
708 3231 802 3300 Vitae
830 3231 938 3298 brevis
961 3231 1108 3298 Remedii
1130 3232 1336 3299 Remensium
1366 3231 1512 3318 episcopi
1539 3232 1684 3300 tabulam
1715 3232 1794 3299 88118
1825 3230 2030 3314 ingeniosam

391 3349 583 3418 Hinemarus
616 3359 711 3419 notus
744 3351 940 3438 falsarias³¹)
975 3353 1173 3438 excogitavit
1205 3352 1408 3437 eredulisque
1439 3352 1589 3420 fidelibus
1619 3353 1744 3421 obtulit.
1794 3351 1926 3419 Scilicet
1955 3372 2030 3418 cum

390 3471 489 3537 vitam
517 3473 666 3540 Remedii
697 3472 768 3558 ipse
802 3473 1034 3560 composuisset
1068 3475 1162 3541 etin
1190 3495 1230 3541 ea
1260 3474 1425 3560 complura
1454 3475 1618 3560 posuisset
1647 3495 1668 3540 8
1697 3481 1806 3540 vetere
1834 3472 2030 3559 biographia

390 3591 514 3674 aliena,
550 3614 591 3660 88
619 3602 655 3662 81
681 3594 792 3679 aliqua
818 3593 1237 3678 auctoritate'defenderet,
1274 3595 1406 3662 ‘librum
1429 3595 1589 3661 maximae
1612 3593 1801 3678 quantitatis
1821 3614 1920 3660 manu
1942 3595 2030 3661 anti-

390 3713 504 3795 quaria
526 3714 680 3800 scriptum
703 3714 743 3782 de
767 3722 837 3782 ortu
859 3735 898 3781 88
919 3714 988 3781 8118
1009 3722 1042 3781 81
1063 3715 1234 3782 viantibus
1255 3721 1352 3798 atque
1374 3715 1463 3781 obitu
1485 3714 1573 3781 beati
1596 3715 1752 3799 Remigii'
1783 3713 1875 3781 tinxit
1902 3735 1926 3780 a
1947 3716 2029 3781 For-

390 3839 501 3899 tunato
528 3834 619 3900 iussu
649 3835 758 3920 Egidii
786 3835 930 3922 episcopi
958 3835 993 3901 in
1022 3836 1247 3920 compendium
1275 3835 1455 3902 redactam.
1501 3835 1573 3914 Quo
1602 3836 1686 3902 facto
1716 3836 1904 3920 ampliorem
1934 3835 2028 3902 illam

390 3951 497 4019 Vitam
526 3954 572 4023 ita
602 3956 754 4024 oblivioni
784 3957 893 4024 818188
923 3975 1010 4040 esse,
1044 3963 1079 4023 at
1105 3977 1268 4044 perpauca
1294 3963 1419 4022 tantum
1442 3956 1520 4023 18118
1541 3955 1691 4023 iniuriam
1715 3955 1837 4023 saeculi
1860 3955 2024 4024 tulissent.

391 4072 456 4140 Sed
478 4074 645 4142 falsarium
667 4076 773 4163 ipsum
796 4077 910 4144 audire
932 4075 1022 4144 libet.

435 4215 528 4294 Sicut,
555 4213 659 4298 inquit
668 4215 718 4299 ³²),
746 4238 766 4279 8
787 4217 911 4280 senibus
933 4218 1024 4280 etiam
1047 4219 1155 4279 aetatis
1176 4225 1337 4297 provectae
1359 4219 1437 4278 viris
1454 4217 1618 4302 reliqiosis,
1645 4218 1749 4300 quide
1764 4227 1895 4298 tempore
1914 4219 2031 4300 Tilpini

433 4317 520 4381 urbis
542 4320 634 4383 buius
654 4324 812 4404 praesulis
828 4321 928 4384 adbuc
943 4320 1093 4402 vivebant,
1120 4321 1241 4403 quando
1258 4323 1290 4383 in
1305 4323 1465 4383 servitium
1480 4323 1570 4384 istius
1584 4330 1708 4386 sanctae
1724 4322 1886 4384 8888188188
1901 4330 2029 4383 auctore

434 4422 486 4484 deo
506 4422 558 4505 sui
579 4425 688 4488 clectus
705 4434 794 4508 atque
805 4433 978 4508 provectas,
1006 4433 1033 4486 81
1044 4433 1151 4507 postea
1162 4444 1221 4507 per
1236 4426 1350 4507 aliquot
1365 4443 1462 4486 annos
1477 4426 1635 4505 venerunt,
1658 4425 1742 4506 fideli
1756 4425 1903 4486 relatione
1918 4425 2024 4505 didici,

434 4547 454 4589 a
476 4531 542 4591 svis
565 4531 732 4594 maioribus
756 4530 925 4593 audierunt
945 4532 1079 4592 narrari
1100 4549 1149 4592 eos
1171 4531 1286 4592 vidisse
1309 4529 1422 4592 librum
1444 4532 1601 4592 niomimae
1623 4530 1802 4611 quantitatis
1824 4547 1919 4590 manu
1943 4531 2030 4592 ariti-

433 4634 547 4714 quaria
569 4635 716 4715 seriptum
740 4635 776 4696 de
798 4643 867 4696 ortu
890 4653 926 4697 88
948 4636 1012 4696 vito
1035 4641 1063 4696 et
1084 4633 1249 4696 virtutibus
1265 4641 1355 4715 atque
1370 4633 1450 4695 obitu
1466 4632 1546 4695 beati
1559 4635 1687 4715 ltemipii
1701 4633 1888 4694 sanctissimi
1899 4637 2032 4713 patroni

433 4739 541 4800 nostri.
584 4741 644 4815 Qui
664 4739 721 4801 1188
743 4741 899 4802 occasione
922 4739 1059 4820 deperiit,
1086 4739 1230 4820 quoniam
1245 4738 1371 4820 Epidius
1388 4745 1459 4820 post
1472 4736 1591 4800 beatum
1605 4738 1772 4819 Remipinm
1787 4744 1920 4818 quartus
1937 4738 2030 4800 isti-us

433 4843 566 4904 civitatis
592 4843 749 4924 episcopus
775 4844 928 4925 quendam
954 4845 1057 4905 virum
1084 4843 1260 4925 religiosum
1286 4844 1405 4904 nomine
1428 4844 1628 4904 Fortunatam
1655 4841 1787 4902 metricis
1810 4838 1952 4903 versibus
1977 4844 2029 4902 in-

433 4948 558 5028 sipnem,
585 4947 638 5028 qui
659 4966 679 5007 a
701 4947 804 5009 multis
823 4947 994 5029 potentibus
1018 4954 1045 5009 et
1066 4945 1293 5008 honorabilibus
1316 4947 1349 5007 in
1372 4944 1419 5007 liis
1437 4945 1563 5007 Gallicis
1579 4953 1607 5007 et
1622 4944 1750 5026 Belpicis
1772 4941 1948 5027 ropionibus
1969 4964 2030 5026 per

433 5049 559 5112 diverso
582 5051 648 5113 loca
670 5059 742 5113 tune
764 5053 845 5114 vitae
868 5071 904 5113 88
927 5053 1071 5114 scientiae
1093 5070 1168 5114 suae
1190 5051 1296 5112 merito
1312 5049 1512 5128 invitabatur,
1538 5050 1624 5130 petiit
1638 5049 1675 5110 de
1690 5049 1789 5110 eodem
1805 5046 1883 5110 libro
1899 5056 2029 5111 cotvrno

435 5154 594 5216 Gallicano
621 5154 731 5216 dictato
758 5163 862 5236 aperto
889 5173 1027 5217 sermone
1050 5156 1156 5237 aliqua
1179 5153 1331 5217 miracula
1354 5154 1485 5234 quaein
1505 5153 1616 5235 populo
1639 5156 1844 5215 recitarentur
1866 5153 2026 5234 eiecipere,

477 5464 518 5528 31)
541 5465 580 5516 Oi.
603 5467 675 5527 Roth,
696 5468 745 5515 Dte
757 5467 933 5528 Filsehnngen
949 5467 1083 5516 Hincmars
1103 5480 1149 5516 888
1163 5467 1266 5515 11881818
1284 5467 1311 5515 in
1330 5480 1403 5528 opere
1422 5465 1486 5528 quod
1505 5465 1636 5528 inscripsit
1654 5463 1802 5514 Geschiohts
1815 5463 1860 5528 des
1873 5463 2031 5516 8888118181·

389 5565 486 5604 8888888
504 5567 530 5615 p.
551 5552 611 5604 tet.

477 5639 518 5704 32)
540 5641 671 5690 Hincmari
689 5641 751 5705 prol.
772 5643 847 5691 Vltus
865 5643 982 5704 Remigii,
1003 5644 1057 5690 ΑΛ.
1079 5639 1124 5690 88.
1149 5641 1170 5688 1.
1192 5643 1246 5688 081.
1268 5641 1288 5702 1,
1311 5641 1368 5690 131.
