4536 6196
815 336 909 392 VITA
928 336 956 392 S.
977 334 1139 392 MARTINI
1157 338 1228 392 LIB.
1250 338 1271 394 1.

567 524 633 590 ‘vir
654 525 791 591 Martius
813 526 885 607 dei,
910 527 1058 612 populari
1081 534 1156 593 nate
1179 528 1294 609 saluti,

462 649 510 691 ooo
563 628 612 693 vir
633 629 755 694 cunctis
778 629 920 695 bonitate
942 650 1076 714 parens,
1100 631 1160 697 tibi
1182 651 1322 716 suggero
1344 633 1469 714 luctus,

562 751 603 797 ne
626 731 736 798 miseri
756 739 892 817 pereant
912 734 1083 816 lacrimae,
1109 735 1239 819 pietatis
1261 736 1382 818 amice,

563 855 658 918 quem
680 855 754 900 mea
776 855 875 901 causa
896 835 995 902 trahit
1016 837 1088 903 loca
1109 845 1174 902 tam
1197 839 1374 924 longinqua
1396 839 1523 922 venire,

562 945 598 1003 ut
619 939 711 1004 labor
730 938 793 1004 iste
815 938 888 1004 viae
910 939 1030 1005 tribuat
1052 941 1233 1026 conpendia
1254 941 1352 1008 vitae.

562 1048 613 1106 est
632 1041 713 1106 mibi
732 1048 810 1107 nata
831 1041 917 1107 domi
939 1042 1135 1110 decumbens
1157 1046 1291 1112 vulnere
1313 1044 1433 1126 morbi,

562 1144 707 1228 exequiis
728 1144 837 1210 vicina
858 1146 926 1211 suis
949 1145 1018 1211 aine
1041 1154 1126 1212 sorte
1149 1148 1323 1214 medellae.

561 1267 644 1330 quae
667 1248 827 1331 quondam
848 1248 1021 1315 incolumis
1044 1247 1151 1315 stabat
1171 1270 1245 1316 mea
1268 1251 1338 1316 sola
1361 1251 1528 1335 voluptas,
1555 1329 1557 1335 A
1595 1267 1597 1270 ·

562 1350 725 1434 obsequiis
746 1351 871 1416 intenta
892 1351 972 1437 piis,
998 1353 1188 1436 placabilis,
1213 1353 1248 1418 in
1271 1373 1335 1436 qua

561 1453 629 1520 vita
650 1454 730 1520 mibi
752 1455 833 1520 baec
854 1453 960 1521 dulcis
983 1462 1053 1521 erat
1075 1456 1209 1522 solando
1233 1464 1408 1523 senectam.

562 1577 638 1623 ecce
660 1558 743 1642 perit
765 1577 939 1642 secumque
961 1558 1060 1625 trabit
1081 1579 1155 1624 mea
1176 1560 1301 1626 viscera
1322 1561 1388 1627 leto

563 1660 776 1744 canitiemque
798 1661 900 1746 patris
921 1661 1096 1728 miserandi
1118 1662 1153 1727 in
1175 1665 1312 1729 Tartara
1333 1663 1431 1730 ducit.

561 1764 609 1829 ire
631 1764 690 1830 sed
710 1764 782 1850 ipse
803 1765 892 1849 prior
913 1784 1079 1850 euperem,
1106 1766 1132 1830 si
1156 1765 1237 1832 forte
1259 1767 1380 1832 liceret.

562 1886 721 1950 quaenam
743 1868 812 1934 vita
833 1867 903 1934 seni
925 1870 979 1934 vel
1001 1888 1064 1951 quo
1086 1868 1165 1933 mibi
1188 1876 1263 1934 vota
1284 1870 1409 1954 parenti

562 1990 620 2054 spe
642 1978 797 2055 pereunte
819 1971 922 2056 patris
945 1992 1016 2037 cum
1039 1971 1168 2038 nomine
1189 1973 1289 2058 prolis
1311 1973 1504 2058 ademptam

562 2096 627 2158 qua
648 2075 789 2142 nubente
811 2075 879 2142 viro
902 2094 960 2160 per
981 2075 1067 2140 dona
1089 2074 1197 2141 futura
1217 2083 1370 2162 nepotum

561 2177 672 2242 aridus
694 2179 728 2243 in
750 2178 848 2244 ramis
869 2185 1014 2263 poteram
1037 2179 1233 2246 revirescere
1256 2181 1373 2265 prolis;

562 2302 634 2347 cum
657 2281 762 2364 magis
784 2282 866 2348 haec
888 2290 1033 2366 reputem
1056 2283 1236 2367 praesentis
1259 2283 1379 2349 damna
1401 2285 1532 2367 solutis,

561 2404 614 2449 me
636 2390 803 2468 spectante
826 2385 896 2470 rapi
918 2392 1046 2465 nomm,
1072 2405 1146 2450 mea
1169 2386 1309 2469 lumina,
1336 2387 1417 2470 luci,

563 2487 675 2553 ordine
696 2487 853 2574 disposito
876 2487 993 2555 melius
1016 2488 1067 2554 cui
1090 2507 1189 2554 cansa
1210 2489 1374 2575 placeret,

562 2597 597 2656 ut
619 2591 706 2656 senis
727 2591 788 2656 illa
808 2591 911 2677 patris
933 2593 1095 2658 oculorum
1118 2592 1285 2659 clauderet
1307 2593 1412 2660 orbes.

562 2695 665 2777 unde,
692 2713 799 2777 sacer,
826 2695 961 2778 dignare
984 2694 1114 2760 avidam
1137 2695 1336 2780 suspendere
1359 2703 1493 2762 mortem

562 2804 659 2881 atque
681 2797 826 2863 minister
847 2798 917 2883 opis
940 2798 1116 2883 rapiendae
1138 2818 1269 2865 occurre
1291 2800 1432 2884 puellae.

563 2901 592 2966 si
615 2921 703 2966 mora
724 2900 778 2982 iit,
804 2921 878 2966 mea
901 2919 999 2966 causa
1021 2901 1119 2986 perit:
1148 2921 1297 2968 succurre
1321 2905 1456 2969 duobus.

564 3024 638 3068 nam
661 3023 713 3069 me
736 3023 812 3069 cura
833 3010 945 3086 necat,
972 3003 1000 3068 si
1022 3004 1071 3069 illi
1094 3004 1217 3070 curatio
1240 3009 1374 3071 cessat'.

562 3127 627 3190 qua
649 3125 742 3173 sacer
763 3107 889 3173 erubuit
911 3106 1064 3173 confusus
1087 3128 1165 3174 voce
1188 3109 1359 3194 sacerdos,

567 3210 751 3294 ‘indignum
774 3228 847 3276 sese
869 3209 928 3276 tali
950 3210 1066 3277 virtute
1088 3210 1295 3279 ministrum’.

563 3314 623 3380 sed
644 3320 737 3399 pater
757 3313 902 3380 instabat
923 3315 1112 3400 conpellans
1133 3313 1268 3381 vocibus
1289 3315 1413 3382 isdem:
1490 3363 1492 3366 -

567 3418 713 3484 ‘debitus
734 3417 860 3483 insanis
881 3417 1027 3484 medicus
1049 3417 1159 3501 venis,
1186 3438 1282 3484 exere
1305 3439 1416 3504 curas,

563 3521 683 3587 sentiat
704 3520 878 3587 adventum
901 3520 1019 3587 medici
1040 3521 1188 3606 purgatio
1211 3521 1313 3589 morbi
1321 3525 1339 3588 ’.

563 3625 614 3690 bis
636 3624 785 3710 inpulsus
807 3624 877 3690 adit
899 3645 964 3708 qua
986 3624 1073 3690 lassa
1094 3625 1207 3710 puella
1228 3625 1372 3709 iacebat,

461 3751 510 3793 rao
563 3730 658 3795 turba
679 3728 829 3795 adstante
852 3727 950 3812 foris,
976 3727 1098 3794 faceret
1120 3728 1198 3814 qnid
1220 3735 1331 3813 pastor
1352 3729 1442 3795 ovili.

227 3949 267 3992 ter
284 3945 404 4006 conperit,
425 3943 534 3992 cucurrit
552 3941 677 3989 exanimis
695 3953 740 3999 pro
757 3940 809 3986 illia
827 3943 966 4000 rogaturus.
1007 3937 1040 4000 (4)
1063 3943 1089 3986 et
1107 3939 1170 3988 iorte
1187 3937 1312 3987 Martinus
1330 3939 1379 3986 lam
1398 3939 1530 3987 ecclesiam
1547 3939 1630 3987 luerat
1647 3941 1785 4000 ingressus.
1821 3945 1857 3992 lbi

227 4031 384 4093 inspectante
401 4029 493 4092 populo
511 4029 649 4089 multisque
667 4027 721 4073 aliie
739 4027 915 4087 praesentibus
934 4025 1072 4087 episcopia,
1101 4025 1201 4074 eiulans
1227 4039 1306 4074 senex
1327 4039 1410 4086 genua
1428 4027 1485 4073 eius
1503 4026 1662 4086 amplectitur
1680 4027 1780 4076 dicens:
1808 4030 1860 4078 iilia

227 4131 281 4166 urea
299 4119 406 4165 moritur
422 4117 513 4164 misero
531 4129 622 4176 genere
640 4113 782 4174 languoris,
811 4117 837 4160 et
855 4111 921 4173 quod
939 4113 996 4173 ipsa
1013 4116 1053 4160 est
1071 4117 1150 4160 morte
1169 4112 1313 4173 crudelius,
1340 4113 1392 4160 solo
1411 4111 1502 4174 spiritu
1521 4113 1597 4175 vivit,
1623 4114 1674 4161 lam
1692 4128 1765 4162 earne
1784 4130 1859 4178 prae-

227 4208 331 4251 mortua.
369 4206 475 4262 rogent
494 4215 548 4248 eam
567 4200 639 4248 adeas
657 4204 732 4261 atque
750 4197 898 4246 benedicas:
925 4196 1020 4245 conlido
1043 4200 1111 4246 enirn
1135 4197 1200 4259 quod
1225 4212 1270 4261 per
1294 4205 1319 4246 te
1341 4197 1468 4246 reddenda
1490 4198 1524 4246 sit
1542 4199 1653 4247 sanitati.
1695 4201 1727 4262 [bi
1749 4201 1859 4262 quallis

226 4304 284 4337 voce
302 4291 421 4338 contusus
439 4288 564 4349 obstipuit
582 4292 607 4333 et
625 4285 718 4345 refugit
735 4284 838 4348 dicans,
859 4284 906 4333 boc
925 4298 985 4332 suae
1003 4298 1052 4332 non
1072 4298 1128 4332 esse
1148 4285 1262 4332 virtutis:
1284 4298 1370 4334 senem
1388 4297 1470 4332 errare
1488 4283 1595 4346 iudicio,
1616 4297 1665 4333 non
1684 4299 1740 4334 esse
1759 4301 1786 4335 se
1804 4287 1860 4348 dig-

225 4389 299 4433 num,
324 4389 462 4437 perquem
482 4373 598 4421 dominus
616 4373 716 4432 signum
735 4372 836 4419 virtutis
855 4369 1007 4418 ostenderet.
1046 4376 1156 4432 perstare
1175 4370 1349 4420 uehementius
1368 4372 1432 4418 dens
1450 4375 1522 4432 pater
1538 4375 1649 4419 etorars
1668 4378 1698 4420 ut
1714 4375 1857 4420 exanimem

224 4463 353 4511 visitaret:
391 4461 423 4522 (6)
445 4465 570 4521 postremo
588 4473 602 4505 a
620 4459 842 4506 circumstantibus
861 4459 985 4520 episcopis
1004 4457 1041 4504 ire
1059 4457 1196 4520 conpulsus
1213 4456 1345 4505 deseendit
1361 4457 1391 4505 ad
1410 4457 1510 4504 domum
1529 4458 1639 4520 puellae.
1677 4459 1767 4518 ingens
1785 4461 1858 4507 turba

224 4561 268 4609 pro
281 4548 377 4595 loribus
395 4547 594 4606 expectabat
609 4545 754 4609 (expectans
767 4544 814 4591 Ar
819 4543 862 4606 V),
882 4544 1003 4605 quidnam
1015 4543 1055 4592 dei
1069 4558 1156 4592 servus
1169 4551 1238 4592 esset
1250 4545 1370 4593 facturus.
1411 4543 1444 4606 (1)
1465 4557 1493 4592 ac
1505 4546 1614 4606 primum
1626 4556 1690 4605 quae
1703 4550 1775 4592 erant
1787 4545 1857 4592 illius

293 4873 344 4922 389
362 4872 503 4922 uluaatlT
608 4870 656 4921 391
677 4868 855 4934 pereatBMS¹
960 4870 1010 4921 393
1033 4869 1180 4934 (conpendia
1194 4868 1266 4931 Pus)
1317 4925 1319 4930 ,
1374 4869 1424 4919 394
1443 4876 1502 4919 nata
1514 4866 1623 4936 PTSL2]
1641 4870 1701 4919 data
1714 4869 1825 4919 NBL¹M

224 4955 389 5024 decumbens]
407 4959 578 5020 decompensu
596 4961 631 5006 ric
649 4955 746 5004 BL¹M¹
867 4956 917 5007 395
936 4959 1065 5019 exsequiis
1085 4957 1107 5004 P
1210 4958 1273 5005 sorte
1293 4955 1316 5002 P
1418 4957 1538 5005 medellae
1559 4953 1640 5022 Ticis]
1660 4956 1778 5005 medillac
1800 4956 1853 5017 PN,

222 5046 336 5095 medelae
355 5045 400 5093 Bu
521 5043 571 5094 396
589 5045 718 5091 incolomis
736 5042 806 5092 codd.
914 5045 966 5094 sola
983 5057 1032 5094 om.
1050 5043 1092 5093 NS
1212 5041 1263 5092 399
1280 5044 1332 5091 leto
1353 5039 1425 5108 rm]
1443 5044 1509 5091 laeto
1531 5042 1586 5104 NL,
1607 5043 1672 5092 laeta
1690 5043 1721 5106 B,
1744 5045 1808 5091 loeta
1826 5045 1853 5104 8,

222 5134 276 5180 letu
297 5131 336 5193 1²¹,
357 5134 421 5180 lecta
441 5131 468 5178 Μ
577 5131 606 5178 dc
624 5131 682 5179 dub.
703 5132 798 5178 nomin.
818 5130 879 5191 Vp.
900 5133 959 5191 593,
980 5134 996 5178 4
1018 5131 1049 5177 K.
1070 5131 1156 5178 uiscus
1174 5129 1205 5178 de
1224 5132 1321 5178 uiscera
1339 5131 1440 5189 generis
1458 5129 1552 5193 neutri,
1573 5130 1632 5191 qula
1650 5130 1746 5177 uiscera
1764 5131 1855 5178 dicun-

225 5225 268 5266 tur
285 5226 314 5266 nt
331 5245 365 5254 -
383 5219 537 5266 Fortunatus
557 5217 645 5265 ‘uehit
664 5230 709 5263 sua
726 5219 824 5264 uiscera
843 5215 941 5264 securm'
1064 5215 1115 5265 403
1134 5216 1237 5277 adeptae
1258 5216 1279 5262 Τ
1406 5215 1456 5263 405
1476 5218 1635 5264 reuiuescsre
1653 5216 1680 5279 9,
1701 5217 1855 5266 reuiuiscere

223 5304 287 5353 mn
389 5302 438 5353 tot
459 5309 588 5366 spectante
607 5297 692 5366 Pur]
711 5307 860 5362 expectante
879 5301 973 5351 BLMS
1076 5301 1122 5351 411
1145 5315 1207 5364 opus
1223 5301 1254 5350 Nl
1359 5300 1549 5362 rapidacBL¹S
1651 5315 1780 5350 occurrere
1799 5301 1855 5348 P¹B

222 5390 272 5439 411
291 5393 320 5439 ilt
337 5386 418 5456 Pus]
436 5391 471 5438 sit
491 5388 582 5437 NBMS
721 5401 864 5436 succurrere
883 5388 915 5436 Ρι
1055 5391 1082 5436 in
1100 5387 1150 5436 413
1169 5387 1260 5435 desinit
1281 5387 1302 5434 Τ
1324 5386 1353 5448 (s.
1375 5385 1446 5448 9060)
1588 5385 1639 5436 414
1658 5389 1779 5436 cruabuit
1798 5387 1820 5436 N

222 5478 327 5526 confusa
345 5490 406 5526 uoce
426 5474 468 5536 Li,
489 5476 591 5524 confusa
609 5479 693 5521 mente
712 5471 744 5519 L¹
866 5474 916 5523 415
935 5489 991 5522 sese
1010 5471 1076 5541 Psi]
1096 5489 1122 5520 se
1140 5475 1194 5522 ren.
1313 5474 1362 5520 tale
1383 5474 1405 5520 P
1525 5472 1575 5522 416
1597 5473 1750 5535 (conpellans
1767 5473 1817 5535 Psi

221 5564 301 5611 isdem
321 5561 361 5629 8¹]
380 5565 454 5611 istem
474 5561 503 5619 N,
525 5561 622 5609 hisdem
642 5554 754 5610 Plllffl.
774 5559 865 5606 iisdem
887 5560 936 5622 (111)
1062 5560 1113 5610 418
1131 5564 1263 5608 atueutum
1285 5559 1308 5604 Ν
1410 5559 1505 5606 curatio
1524 5558 1545 5604 L
1667 5559 1718 5608 419
1736 5561 1855 5621 inpulsus

221 5646 324 5715 Puris]
342 5649 466 5711 impulsus
487 5647 508 5694 L
