4536 6196
1001 304 1173 368 VENANTl
1191 301 1410 359 FORTVNATI

726 497 849 562 interea
870 496 986 561 mulier
1009 494 1159 560 defuneto
1181 493 1324 579 pendula
1346 500 1421 559 nato

727 600 879 666 bracchia
900 598 1087 665 distendens
1110 599 1203 664 offert
1224 603 1299 663 ante
1322 617 1377 662 ora
1399 596 1557 678 cadaver,

728 702 849 769 funeris
872 701 1071 786 increpitans
1094 700 1211 766 misero
1233 699 1303 764 fera
1325 699 1451 765 candoe
1471 700 1620 784 planctu;

728 806 804 872 dum
828 806 918 872 dolor
939 805 982 870 ad
1005 803 1157 870 lacrimas
1180 802 1294 884 trahit,
1322 803 1403 868 liaeo
1425 803 1480 868 vix
1503 802 1645 887 explicat
1667 823 1737 868 ore:

663 933 676 971 a
733 909 841 974 ‘fortis
863 909 966 975 amice
989 908 1060 986 dei,
1086 914 1151 974 toto
1174 906 1369 974 venerabilis
1392 907 1486 987 orbe,

729 1034 824 1096 quem
847 1032 976 1098 semper
997 1013 1140 1077 lamenta
1161 1017 1291 1076 movent
1313 1011 1433 1095 pietate
1456 1010 1652 1095 propinqua,

730 1117 848 1182 ardens
871 1115 950 1198 quid
973 1114 1099 1200 cupiam
1123 1133 1237 1199 eorpus
1259 1113 1318 1180 tibi
1341 1113 1467 1179 nuntiet
1488 1114 1613 1197 algens.

638 1291 640 1296 ,
731 1241 805 1286 ecce
828 1219 908 1286 obiit
929 1219 1066 1284 miserae
1089 1217 1168 1283 milri
1190 1217 1277 1282 filius
1300 1217 1398 1283 ubere
1420 1223 1549 1302 raptus,

730 1325 764 1389 in
787 1344 850 1405 quo
873 1329 974 1388 mater
996 1343 1102 1388 eram:
1128 1341 1188 1386 nec
1211 1339 1286 1406 spes
1308 1341 1413 1403 neque
1436 1321 1553 1386 restitit
1574 1321 1685 1400 heres;

732 1427 879 1494 occubuit
900 1426 1046 1510 genitus,
1073 1425 1189 1491 cecidit
1211 1423 1325 1490 domus
1349 1425 1480 1490 etmihi
1503 1424 1643 1508 fructus,

732 1531 823 1597 nulla
844 1536 1066 1595 remanserunt
1088 1528 1169 1594 uteri
1192 1528 1315 1593 solacia
1338 1528 1408 1594 duri

733 1655 794 1700 nee
815 1639 963 1718 superest
983 1632 1069 1716 quod
1092 1632 1186 1697 dulce
1209 1651 1335 1714 vocem,
1363 1651 1425 1714 quo
1448 1632 1537 1698 fessa
1558 1633 1728 1715 reclinem,

734 1739 832 1805 ubere
854 1736 941 1819 qnod
963 1757 1122 1802 recreem:
1149 1742 1232 1802 totus
1255 1735 1337 1820 perit
1359 1735 1437 1801 ordo
1459 1737 1612 1822 parentis.

735 1844 789 1927 qui
812 1848 931 1924 restas,
958 1861 1087 1925 precor,
1113 1839 1206 1905 adfer
1227 1860 1320 1923 opem
1342 1840 1555 1906 medicamine
1579 1841 1685 1924 verbi,

735 1945 834 2012 redde
857 1963 960 2028 genus
982 1964 1043 2010 nee
1065 1944 1106 2010 sit
1127 1943 1239 2008 matris
1262 1943 1339 2008 mihi
1362 1964 1478 2010 nomen
1500 1944 1613 2024 inane3

736 2049 769 2114 ni
792 2049 922 2114 suboles
945 2048 1074 2130 redeat,
1102 2067 1210 2112 secum
1233 2067 1306 2112 mea
1328 2045 1442 2113 funcra
1465 2047 1585 2113 duoat’.

737 2153 870 2219 adiuvat
890 2153 974 2217 hanc
996 2151 1136 2236 populus
1159 2151 1319 2216 clamans:
1351 2153 1474 2233 ‘sacer,
1501 2151 1607 2217 adnue
1630 2153 1726 2217 votis'

737 2258 771 2321 in
794 2255 917 2322 cunctis
940 2275 1002 2319 vox
1025 2275 1089 2319 nna
1111 2260 1214 2335 tonat,
1246 2253 1416 2320 ‘miserere
1438 2256 1608 2339 precanti'.

738 2366 805 2426 tum
828 2359 901 2444 pius
923 2358 1075 2438 antistes,
1101 2357 1237 2441 genibus
1259 2357 1410 2441 profusus
1431 2359 1465 2423 in
1488 2359 1592 2441 arvis,

741 2463 891 2529 stemitnr
912 2468 987 2527 ante
1009 2461 1118 2526 oculos
1140 2460 1279 2544 domini,
1306 2483 1362 2546 pro
1385 2463 1481 2547 plebe
1505 2470 1674 2547 satagens,

741 2574 776 2633 ut
797 2572 972 2632 mereretur
993 2585 1101 2647 ovem,
1128 2586 1187 2650 per
1209 2585 1305 2648 qnam
1328 2586 1408 2649 grex
1430 2567 1586 2650 plurimus
1609 2577 1705 2633 esset.

741 2670 855 2736 adnuit
875 2669 1094 2756 omnipotens,
1121 2669 1243 2734 famulo
1266 2669 1348 2734 dans
1371 2671 1497 2736 culmen
1519 2671 1684 2736 honomm.

742 2796 816 2841 mox
837 2775 941 2841 bonus
963 2794 1017 2839 ore
1040 2791 1152 2859 preces
1175 2780 1281 2838 orator
1302 2773 1389 2840 misit
1409 2774 1443 2838 in
1465 2795 1577 2857 aures,

743 2878 856 2944 ordine
879 2877 1036 2962 disposito
1059 2882 1228 2961 postquam
1252 2895 1287 2941 se
1311 2877 1412 2942 oratio
1435 2878 1590 2962 complet,

678 3007 690 3045 s
743 2981 875 3065 erigitur
898 2980 1021 3062 senior,
1049 2980 1144 3044 simul
1167 2979 1275 3044 infans
1297 2980 1477 3046 vivificatur

742 3085 976 3173 porrigiturque
1000 3104 1078 3150 suae
1101 3085 1220 3168 populo
1243 3085 1302 3150 sub
1325 3090 1409 3151 teste
1431 3085 1607 3152 mamillae.

744 3189 780 3254 iit
802 3189 909 3272 fragor
932 3194 965 3253 et
984 3187 1097 3273 populi
1119 3207 1203 3252 nova
1225 3193 1354 3273 pectore
1376 3195 1451 3254 vota
1473 3190 1637 3274 volutant,

745 3293 899 3359 mirantes
921 3291 1081 3356 hominem
1103 3291 1159 3356 leti
1183 3297 1324 3357 mutasse
1346 3291 1508 3375 vigorem,

746 3397 854 3480 etqui
876 3395 909 3461 in
933 3401 1033 3461 morte
1055 3402 1164 3460 manet
1186 3395 1278 3460 morti
1302 3415 1362 3461 sua
1383 3395 1454 3460 iura
1476 3397 1602 3463 tulisse.

747 3501 822 3566 inde
844 3499 1032 3565 catervatim
1054 3497 1216 3564 Christum
1240 3498 1465 3582 dominumque
1489 3500 1647 3585 deumque

749 3603 887 3670 confessi
910 3609 1043 3668 exorant
1065 3603 1134 3668 lieri
1156 3623 1192 3668 sc
1215 3603 1288 3686 lege
1310 3603 1409 3669 beati.

748 3708 784 3773 fit
806 3708 911 3775 subito
932 3706 965 3771 in
989 3707 1111 3792 campis
1134 3707 1270 3792 populus
1293 3708 1544 3774 catechumenus
1566 3709 1687 3776 omnis:

750 3832 813 3876 non
835 3811 958 3896 templa
980 3816 1151 3896 expectant
1172 3830 1233 3875 nec
1255 3811 1395 3876 claustra
1417 3811 1526 3877 dicata
1549 3814 1661 3880 sacelli

519 3990 613 4052 Sulplc.
636 3991 696 4041 dial.
718 3991 757 4040 ll.

417 4128 479 4161 num
497 4114 643 4161 salvatorem
661 4113 734 4160 turba
752 4110 869 4158 nesciret.
912 4107 944 4170 (6)
965 4109 1072 4167 interea,
1093 4109 1159 4154 sieut
1178 4121 1222 4156 nos
1241 4108 1399 4156 incredibilis
1417 4110 1615 4160 circumdederat
1633 4112 1782 4176 multitudo,
1803 4115 1893 4166 mulier
1910 4119 2041 4180 quaedam,

419 4201 492 4248 euius
512 4199 578 4246 illius
596 4199 679 4260 paullo
698 4203 757 4246 ante
776 4198 914 4254 deiecerat,
941 4207 1029 4256 corpus
1047 4194 1163 4241 exanime
1181 4195 1254 4242 beato
1272 4195 1323 4242 viro
1341 4197 1467 4255 protensis
1486 4199 1601 4246 manibus
1620 4200 1701 4262 coepit
1719 4201 1806 4249 offerre
1824 4203 1923 4252 dicens:
1952 4207 2046 4253 scimus

417 4287 477 4348 quia
499 4285 596 4333 amicus
620 4283 661 4331 dei
688 4296 729 4332 es:
755 4283 862 4331 restitue
887 4281 950 4329 mihi
975 4281 1054 4328 illium
1079 4295 1176 4341 meum,
1204 4281 1263 4342 quia
1281 4283 1371 4330 unicus
1390 4283 1451 4331 mihi
1470 4290 1518 4332 est.
1558 4285 1591 4346 (7)
1615 4286 1702 4335 iunxit
1721 4302 1747 4335 se
1766 4295 1848 4338 cetera
1865 4291 2002 4339 multitudo
2020 4297 2047 4340 et

419 4373 505 4420 matris
527 4372 645 4434 precibus
668 4370 829 4420 adclamabat.
867 4374 920 4416 turn
940 4367 1063 4415 Martinus
1087 4368 1175 4416 videus
1199 4381 1243 4430 pro
1268 4371 1456 4431 expectantium
1481 4371 1574 4432 salute,
1603 4377 1632 4420 ut
1655 4377 1741 4435 postea
1764 4376 1835 4423 nobis
1858 4376 1912 4437 ipse
1937 4378 2044 4437 dicebat,

418 4459 537 4519 mnsaqui
563 4472 589 4505 se
613 4471 686 4518 posse
709 4457 844 4515 virtutem,
873 4455 986 4503 defuncti
1010 4468 1099 4516 corpus
1123 4455 1233 4516 propriis
1257 4458 1374 4504 manibus
1396 4458 1505 4518 accepit:
1532 4463 1558 4505 et
1581 4473 1637 4506 cnm
1658 4463 1831 4522 spectantibus
1849 4465 1946 4512 cunctis
1965 4477 2048 4524 genua

419 4546 545 4608 flexisset,
573 4545 618 4593 ubl
642 4547 814 4592 consummata
837 4543 947 4590 orations
970 4544 1092 4604 surrexit,
1119 4543 1272 4590 stridentum
1297 4544 1425 4604 parvolum
1450 4544 1523 4591 matri
1546 4545 1664 4595 reddidit.
1706 4549 1737 4608 (8)
1765 4555 1819 4595 turn
1837 4562 1893 4597 voro
1911 4551 2048 4599 multitudo

419 4632 501 4679 omnis
519 4632 546 4679 ln
564 4631 661 4679 caelum
680 4631 786 4678 clamore
805 4630 902 4677 sublato
921 4628 1048 4677 Christum
1068 4629 1142 4676 deum
1161 4630 1244 4690 fateri,
1266 4637 1390 4691 postremo
1408 4631 1492 4679 cuncti
1511 4635 1656 4682 catervatim
1675 4633 1706 4681 ad
1724 4648 1807 4693 genna
1823 4635 1890 4684 beati
1907 4635 1956 4683 uiri
1974 4650 2048 4685 ruere

420 4723 570 4780 coeperunt,
596 4716 705 4766 fideliter
726 4717 885 4779 postulantes
910 4721 939 4763 ut
963 4729 1004 4764 eos
1029 4717 1123 4763 laceret
1141 4714 1305 4765 Christianos.
1346 4717 1378 4779 (9)
1400 4731 1446 4765 nec
1468 4722 1615 4780 cunctatus,
1642 4720 1669 4767 ln
1696 4720 1777 4769 medio
1801 4727 1831 4768 nt
1856 4729 1927 4771 erant
1950 4737 2046 4786 eampo,

493 4942 550 4994 112.
567 4942 615 4993 113
628 4946 712 4992 alant
725 4945 752 4991 in
764 4941 815 5004 ΡΝ,
830 4953 879 4990 om.
894 4940 994 5002 BLMS,
1010 4944 1037 4989 in
1049 4955 1126 5002 uturp.
1143 4937 1189 4988 122:
1206 4945 1242 5001 r'u.
1256 4941 1280 4990 i.
1297 4953 1318 4988 rr
1425 4941 1471 4990 172
1491 4944 1606 4991 bracchia
1618 4940 1675 5010 ΡΝ]
1687 4945 1785 4994 brachia
1796 4947 1851 4998 rell.
1943 4948 1990 4998 175
2009 4964 2050 4999 or-

422 5034 466 5082 bor
486 5032 509 5080 N
625 5028 672 5080 ll'l
692 5031 793 5078 nuntiat
811 5028 854 5077 Pb
978 5027 1024 5076 182
1044 5027 1108 5088 quod
1128 5027 1201 5074 dulce
1220 5023 1309 5093 PNLQ]
1327 5028 1392 5090 qnod
1411 5029 1466 5076 luce
1485 5029 1523 5089 Sl,
1547 5029 1809 5092 11110111111819Μ82
1924 5049 1973 5096 quo
1993 5033 2049 5104 PL]

422 5118 489 5180 quod
506 5118 560 5167 rell.
669 5115 716 5165 183
736 5129 846 5176 regrsem
866 5114 897 5162 P¹
1004 5113 1052 5162 184
1072 5115 1132 5161 affer
1149 5109 1192 5172 11²,
1212 5113 1294 5162 adfert
1312 5113 1336 5161 N
1439 5115 1487 5165 185
1507 5131 1539 5165 ne
1558 5117 1602 5164 PB
1705 5120 1780 5166 inane
1796 5118 1826 5177 L,
1843 5119 1895 5169 So.
1911 5117 1943 5187 l.]
1961 5123 2050 5172 inante

422 5206 476 5252 rell.
611 5201 660 5252 186
678 5199 789 5269 suboles]
807 5203 901 5250 subolis
920 5199 1004 5260 PNM,
1025 5201 1120 5248 soboles
1139 5200 1203 5250 aba
1334 5200 1381 5251 181
1401 5203 1505 5264 populos
1525 5203 1548 5252 N
1677 5205 1758 5253 adnue
1777 5203 1887 5272 PNBM]
1905 5221 1988 5256 annue
2007 5209 2052 5259 ts

425 5289 473 5341 188
492 5291 589 5338 cunctis
606 5285 683 5355 BLS]
700 5295 804 5338 cunctos
824 5287 899 5336 PNM
1004 5287 1051 5335 189
1069 5289 1175 5336 antestis
1194 5285 1223 5333 Μ
1336 5287 1382 5337 192
1401 5291 1493 5338 annuit
1511 5289 1533 5337 L
1637 5291 1753 5340 honorem
1773 5292 1802 5338 M
1907 5293 1954 5343 195
1972 5297 2051 5345 simul

423 5377 459 5425 bia
480 5376 501 5423 P
620 5377 765 5425 uinltlcatua
786 5374 814 5422 Μ
945 5373 992 5422 ter
1012 5375 1146 5423 uoluntant
1164 5374 1206 5436 13¹,
1226 5375 1357 5424 uoluntate
1377 5375 1411 5437 M,
1432 5378 1554 5425 nolunant
1573 5377 1597 5426 N
1601 5373 1613 5410 ²
1745 5377 1795 5428 290
1813 5381 1939 5443 deumque
1957 5395 2006 5430 orn.
2029 5383 2055 5432 N

424 5462 471 5513 291
493 5465 578 5511 beatos
597 5462 654 5512 Vsa.
677 5463 799 5523 (inteltepe
816 5467 846 5509 ut
863 5460 965 5508 Martini
983 5461 1044 5509 tlaut
1062 5461 1199 5508 seeundum
1218 5462 1307 5522 legem)
1415 5462 1465 5510 292
1484 5464 1579 5525 campis
1595 5460 1659 5530 stt]
1677 5479 1775 5526 campos
1794 5464 1869 5526 PNB,
1890 5481 1993 5529 campus
2013 5467 2050 5532 Μ,

424 5563 510 5611 campo
528 5548 561 5597 L¹
666 5544 873 5613 catechumenus]
890 5549 1055 5596 caticuminus
1073 5548 1143 5595 codd.
1251 5547 1300 5596 299
1320 5545 1466 5614 expectant]
1484 5555 1632 5611 exspectant
1650 5549 1693 5613 82,
1714 5557 1828 5614 spectant
1845 5554 1898 5602 rell.
2007 5569 2053 5605 ne-

424 5649 473 5696 quo
491 5634 521 5684 8¹
