4456 6202
364 317 474 388 XXVI
1062 318 1297 374 raoosurvu.

450 545 583 613 Accedit
605 545 695 611 aliud
716 551 939 628 argumentum
962 564 1026 610 non
1043 544 1269 629 spernendum.
1312 550 1418 624 00100,
1439 544 1604 628 10001135),
1621 551 1706 628 piam
1722 549 1909 610 maiestatem
1923 546 2009 629 susis

364 670 571 752 ,0010010001ον
596 669 760 750 praecibus
789 687 973 750 emeremus,
1008 675 1043 730 at
1064 669 1290 730 clementissimi
1315 666 1508 729 Tbeodobertt'
1528 670 1609 750 repis
1635 670 1734 730 nostri
1750 669 1915 750 filieitatem
1939 687 2009 730 cre-
2130 661 2134 668 '

364 793 429 854 bris
459 789 648 854 successibus
677 791 838 852 dilatatam
869 790 917 851 001
945 791 976 850 r'a
1000 790 1140 850 eocterm's
1162 788 1301 870 pentibus
1325 791 1402 850 tosto
1425 788 1606 850 dominandi
1629 790 1695 850 iure
1715 789 1825 870 procat
1847 795 2010 851 estensem

362 933 420 995 pro
443 930 503 974 sao
523 912 634 992 pietate
657 910 823 992 toapaeoet.
870 907 1138 973 Theodobertbus
1162 907 1212 990 ΙΙ,
1246 927 1308 991 quo
1339 911 1496 990 regnante
1518 906 1591 972 Vita
1616 907 1762 973 Medardi
1792 906 1921 974 condita
1944 912 2004 987 est,

364 1053 395 1097 a.
422 1021 592 1094 sss-612
620 1049 752 1113 regnum
784 1029 902 1109 tenuit;
935 1033 1065 1094 exterae
1095 1033 1203 1093 antem
1233 1032 1365 1111 gentes,
1399 1047 1480 1112 qaas
1510 1026 1704 1108 debellarit,
1739 1027 1902 1095 Vascones
1933 1034 2010 1093 sant

367 1150 510 1236 superati
534 1171 566 1216 a.
592 1150 721 1216 demam
745 1152 823 1232 6023
851 1149 893 1215 of.
918 1149 1108 1232 l‘redegarii
1132 1148 1240 1214 chron.
1268 1167 1294 1214 c.
1323 1151 1375 1213 21.
1419 1147 1494 1213 Vita
1515 1147 1614 1232 igitur
1636 1167 1721 1216 saec.
1741 1149 1801 1214 Vll
1816 1148 1862 1215 in.
1888 1147 2011 1232 scripta

365 1279 431 1356 est,
466 1272 524 1338 sed
551 1273 760 1337 Fortunatam
791 1269 872 1336 haec
899 1275 1043 1355 tempora
1070 1259 1193 1335 vidiflse
1226 1288 1331 1352 neque
1360 1289 1378 1334 e
1408 1267 1536 1353 scriptis
1567 1268 1713 1336 eiusdem
1743 1289 1849 1353 neque
1875 1267 2009 1335 aliunde

365 1393 494 1480 probari
521 1397 638 1478 potest.
687 1390 793 1469 Quare
824 1410 895 1456 cum
927 1390 1068 1456 Lacbius
1099 1411 1131 1475 p.
1162 1393 1217 1453 121
1254 1393 1431 1475 ‘postrema
1459 1387 1519 1454 illa
1547 1391 1664 1474 verba,
1698 1390 1815 1474 quibas
1845 1396 1920 1456 rota
1949 1411 2009 1475 pro

366 1513 508 1598 Regibus
537 1511 754 1595 continentur,
788 1511 879 1577 malit
908 1510 1055 1593 credere,
1089 1509 1284 1594 aquopiam
1306 1510 1436 1576 adiecta
1457 1510 1559 1577 fuisse
1580 1509 1702 1594 Vitae’,
1737 1529 1795 1577 nos
1818 1517 1946 1596 praeter
1968 1531 2010 1576 ea

365 1635 472 1701 inesse
502 1633 536 1698 in
566 1633 633 1699 rita
662 1633 758 1720 plura
786 1652 871 1716 quae
901 1631 1001 1697 alium
1030 1652 1070 1697 ao
1091 1631 1301 1698 Fortunatam
1333 1631 1520 1716 scriptorem
1551 1633 1688 1717 prodant
1716 1632 1783 1700 iam
1806 1633 2009 1699 demonstra-

367 1775 486 1822 vrmus.

453 1895 606 1959 Sermone
627 1892 703 1958 Vita
732 1891 852 1977 scripta
874 1898 924 1957 est
952 1898 1017 1956 tam
1047 1891 1202 1974 barbaro,
1236 1898 1272 1957 ut
1293 1898 1407 1976 poetae
1431 1891 1673 1975 elegantissimo
1696 1894 1749 1958 vel
1771 1892 1811 1959 ob
1834 1913 1904 1959 earn
1930 1912 2010 1958 caa-

367 2035 438 2080 sam
460 2011 679 2079 abiudicanda
701 2011 753 2078 sit.
793 2011 947 2098 lipitbeta
969 2031 1094 2096 quoque
1118 2013 1275 2095 amantia,
1301 2033 1384 2097 qnae
1408 2012 1540 2096 regibus
1562 2013 1597 2078 in
1619 2013 1694 2079 Vita
1720 2015 1759 2099 (0.
1781 2014 1847 2079 XII
1866 2017 2010 2098 praecet-

368 2138 537 2216 lectissimi,
564 2153 591 2199 0.
618 2133 678 2199 XV
701 2135 926 2197 clementissimi
947 2131 1007 2216 bis)
1034 2133 1226 2218 tribuuntur,
1252 2154 1273 2198 a
1294 2133 1461 2208 Fortunati
1484 2134 1717 2201 consuetudine
1739 2135 1923 2201 abhorrent.

456 2273 570 2357 Neque
593 2279 702 2338 tamen
724 2290 857 2354 negem,
885 2271 1091 2338 vetustiorem
1113 2270 1263 2338 Medardi
1285 2272 1392 2337 Vitam
1415 2272 1544 2340 saeculo
1568 2272 1612 2339 VI
1635 2271 1792 2340 extitisse.
1839 2271 1937 2339 Cuius
1961 2272 2009 2338 rei

368 2393 544 2479 Gregorius
567 2394 644 2458 Tur.
670 2391 702 2456 in
720 2389 831 2457 Gloria
847 2391 940 2458 Conf.
960 2413 988 2458 c.
1008 2395 1048 2457 03
1071 2391 1182 2477 gravis
1205 2391 1298 2458 testis
1321 2399 1388 2458 est:
1415 2396 1593 2474 1100100100,
1620 2393 1732 2477 inquit,
1759 2397 1911 2479 gloriosus
1934 2416 2009 2458 coa-

365 2519 467 2600 fessor
490 2519 582 2580 irrata
604 2514 710 2577 arbem
726 2515 887 2577 Sessioaas
910 2517 1045 2597 quiesctt,
1073 2518 1114 2579 ad
1136 2517 1224 2579 caicus
1247 2516 1441 2598 sepulchrum
1464 2535 1552 2598 saepe
1575 2517 1720 2599 conpedes
1736 2519 1917 2579 miserorum
1933 2537 2008 2579 000-

366 2640 484 2721 fractos
512 2639 705 2719 aspemimos.
754 2639 821 2700 Post
851 2637 999 2719 scriptam
1022 2636 1058 2698 de
1081 2637 1274 2700 mirabilibus
1297 2640 1362 2699 eius
1386 2637 1498 2700 libram
1521 2638 1631 2700 mulier
1653 2657 1749 2700 marta
1772 2638 1880 2701 debilis
1902 2637 2007 2700 devote

369 2758 778 2842 0000000000000000110
801 2756 979 2820 sacerdotis.
1026 2753 1119 2821 Idem
1141 2756 1330 2822 miraculum
1353 2739 1547 2848 Fortunatas
1569 2777 1667 2823 earm.
1689 2757 1732 2839 11,
1760 2763 1808 2839 16,
1837 2760 2007 2822 105—122

370 2878 496 2958 retulit,
531 2896 612 2961 quos
641 2897 754 2943 versus
777 2876 872 2942 Vitae
895 2875 1030 2961 scriptor
1053 2895 1081 2942 0.
1111 2881 1148 2940 11
1171 2875 1218 2942 ita
1238 2877 1420 2968 'eicerpsim
1455 2880 1565 2942 110000
1588 2881 1682 2963 igitur
1702 2882 1873 2963 proneam·
1893 2899 2002 2960 secans,

370 3020 442 3084 quos
465 3001 668 3062 membrorum
691 2999 830 3062 debilitas
854 2999 1033 3061 miseranda
1052 3007 1264 3082 contruserat,
1291 2999 1399 3062 usibus
1415 3002 1574 3082 restitutis,
1602 3001 2009 3064 0010000001001000000

369 3123 513 3186 solvebat.

457 3258 586 3324 Librum
616 3277 712 3339 quem
735 3255 911 3341 Gregorius
939 3256 1028 3324 novit
1056 3258 1096 3323 de
1126 3256 1327 3323 mirabilibus
1358 3257 1462 3324 sancti
1490 3255 1637 3324 Medardi
1666 3264 1742 3325 ante
1771 3279 1802 3324 a.
1830 3262 1909 3342 503,
1943 3277 2007 3341 quo

370 3378 567 3446 Turonensis
591 3378 680 3460 obiit,
708 3377 916 3462 compositum
940 3398 1012 3444 esse
1035 3398 1169 3444 necesse
1192 3385 1255 3461 est,
1282 3399 1353 3444 curn
1377 3399 1460 3463 qaae
1483 3385 1589 3447 exstat
1611 3379 1686 3446 Vita
1707 3379 1855 3447 Medardi
1877 3385 1949 3464 post
1972 3400 2003 3444 a.

371 3502 499 3568 demam
523 3503 586 3564 602
615 3499 734 3585 scripta
764 3498 816 3565 sit.
862 3499 976 3583 Neque
1003 3505 1114 3564 auctor
1143 3499 1238 3565 huius
1269 3499 1343 3564 libri
1365 3499 1554 3567 miraculum
1577 3499 1660 3567 illud
1683 3507 1878 3586 compertum
1900 3498 2007 3565 babu-

371 3628 450 3703 erat,
477 3621 563 3704 quod
585 3628 618 3688 et
638 3622 812 3686 Fortunato
835 3626 868 3686 et
889 3619 1045 3704 Gregorio
1067 3626 1175 3686 notum
1198 3625 1280 3686 erat.
1324 3620 1405 3687 Cum
1427 3628 1535 3688 autem
1558 3622 1634 3689 Vita
1655 3622 1822 3708 complura
1845 3619 2008 3688 contineat

370 3763 435 3808 non
457 3763 497 3807 ex
521 3741 661 3808 carmine
683 3741 862 3826 desumpta,
890 3740 1064 3838 verisimile
1087 3748 1145 3822 est,
1173 3739 1319 3826 scriptori
1342 3761 1468 3824 quoque
1490 3742 1579 3807 illius
1601 3742 1717 3808 librum
1741 3741 1782 3808 de
1803 3741 2008 3808 mirabilibus

371 3863 517 3929 Medardi
541 3868 669 3947 praesto
691 3862 804 3928 fnisse.
851 3861 884 3926 Is
906 3867 1013 3927 autem
1037 3866 1141 3926 utram
1165 3861 1329 3927 Fortunati
1353 3860 1450 3927 luerit
1472 3884 1577 3929 annon
1600 3863 1746 3946 quaestio
1768 3862 1875 3929 inanis
1898 3868 1960 3929 est.

458 4002 546 4067 Inter
567 4000 695 4067 codices
715 3999 848 4083 reliquis
870 4005 1014 4084 praestat

371 4122 403 4186 11
526 4119 728 4187 Monacensis
739 4124 774 4205 ³⁸)
795 4119 929 4186 Latiam
944 4141 991 4186 nr.
1012 4125 1106 4202 3514,
1133 4120 1256 4187 formae
1271 4121 1441 4205 oblongae,
1468 4141 1544 4206 pag.
1564 4125 1636 4204 306,
1664 4122 1741 4188 olim
1755 4124 1923 4206 Augustae
1939 4122 2003 4187 civ.

577 4243 625 4289 nr.
647 4227 696 4305 14,
723 4241 809 4294 saec.
827 4222 889 4287 Vll
911 4223 1025 4290 litteris
1049 4223 1230 4290 uncialibus
1254 4224 1403 4309 scriptas,
1429 4223 1488 4292 sed
1507 4224 1586 4291 tolia
1601 4226 1705 4310 prima
1720 4225 1899 4309 ultimaque
1915 4243 2003 4292 saec.

577 4325 671 4410 1th
687 4324 815 4392 demum
832 4328 983 4412 suppleta
999 4335 1081 4394 sunt.
1119 4328 1210 4394 ldem
1227 4334 1277 4394 est
1291 4348 1331 4394 ac
1346 4328 1448 4395 codex
1463 4329 1600 4412 Velsen',
1619 4349 1682 4412 quo
1698 4328 1913 4413 Bollandiani‚
1933 4330 2005 4394 ΔΑ.

577 4429 636 4495 SS.
663 4432 695 4494 8.
712 4429 783 4496 lan.
809 4430 851 4514 11,
873 4434 913 4495 72
937 4431 986 4497 usi
1011 4439 1095 4518 sant.
1135 4433 1335 4516 Tegumento
1358 4431 1442 4498 enim
1464 4431 1607 4499 interiori
1629 4433 1711 4498 haee
1732 4432 1888 4517 inscripta
1911 4439 2004 4498 sunt:

578 4537 630 4600 27.
656 4535 704 4598 dic
729 4535 796 4597 Feb.
822 4556 875 4600 00.
903 4539 999 4600 1608.
1047 4540 1175 4602 Marsas
1205 4540 1343 4602 Velseras
1371 4538 1451 4600 banc
1479 4538 1607 4600 codicem
1638 4536 1777 4622 depasta
1806 4537 2008 4620 Autaei-piam

551 4701 555 4706 .
578 4640 665 4702 mittit
688 4637 741 4700 1111
764 4641 884 4702 domino
908 4644 941 4702 P.
968 4640 1127 4704 llerc'berto
1150 4642 1307 4724 lloscoer'do
1330 4642 1487 4704 societatis
1510 4643 1580 4704 lesu
1608 4642 1760 4704 sacerdoti
1780 4642 1926 4704 01000000
1948 4641 2008 4704 bac

578 4745 650 4826 lege,
676 4751 709 4805 01
731 4745 782 4806 vio
798 4745 1049 4826 Frarrcofortensr'
1063 4742 1232 4829 baptistam
1255 4747 1437 4825 remittatur,
1465 4747 1513 4808 oct
1534 4746 1682 4808 00001000
1701 4747 1858 4828 prontinus
1881 4752 2009 4806 autunu-

577 4847 710 4927 aolr'bus‚
739 4847 786 4909 ecl
808 4847 1312 4932 000100000000000,0000011000.
1352 4847 1431 4931 Pag.
1451 4848 1620 4911 nse-239
1639 4846 1714 4913 vita
1728 4845 1885 4930 Medardi,
1913 4845 2009 4913 cuius

576 4954 684 5013 textas
706 4947 783 5013 tolio
806 4947 914 5014 exciso
937 4969 958 5014 a
980 4969 1007 5015 o.
1031 4949 1047 5013 1
1066 4950 1285 5034 pcrtspr'caum)
1308 4949 1350 5015 ad
1374 4970 1401 5016 e.
1425 4951 1473 5015 Ill
1495 4951 1667 5034 octaorum)
1690 4949 1770 5032 hiat,
1795 4971 1872 5034 pag.
1896 4951 2008 5014 239-

578 5055 640 5115 214
664 5052 829 5117 Fortunati
854 5071 982 5118 carmen
1006 5051 1045 5134 11,
1073 5056 1111 5117 16
1135 5058 1280 5138 occupat.
1328 5053 1514 5120 Sermonem
1537 5053 1690 5120 rusticum
1712 5073 1827 5120 manns
1848 5053 2009 5138 posterior

576 5154 748 5221 emendare
771 5160 904 5221 conatus
927 5161 987 5221 est.
1012 5194 1055 5206 -
1077 5157 1184 5223 Vitam
1207 5179 1227 5224 a
1248 5157 1364 5224 Jacobi
1385 5157 1451 5223 iam
1475 5158 1623 5224 collatam
1647 5163 1680 5223 et
1701 5175 1830 5222 carmen
1852 5177 1926 5222 oum
1951 5179 2009 5224 co-

577 5259 648 5326 dice
672 5257 854 5325 Beroliuum
877 5259 1030 5326 benevole
1053 5261 1241 5328 transmisso
1264 5261 1423 5328 contendi.

370 5447 523 5454 —-.-—--—--.
535 5449 543 5453 .
555 5448 574 5452 .-

456 5557 498 5618 35)
519 5558 579 5605 Vita
597 5557 709 5605 Medardi
728 5555 740 5620 §
760 5555 802 5606 st.

457 5643 499 5706 36)
519 5645 557 5692 De
575 5657 624 5707 quo
643 5659 667 5695 r.
687 5643 754 5692 Mon.
776 5644 860 5693 Germ.
882 5643 925 5694 SS.
947 5659 994 5694 ror.
1015 5645 1153 5716 Meroving.
1174 5646 1196 5708 1,
1216 5660 1240 5706 p.
1262 5644 1321 5694 818.
