4344 6142
419 274 498 341 VIII
1121 275 1352 332 PROOEllthI.

358 501 385 559 R
506 497 576 565 cod.
603 497 780 565 Vaticanus
803 497 949 580 Reginae
973 500 1034 563 329
1065 498 1329 566 membranaceus
1359 496 1480 564 formae
1510 499 1667 583 oblongae
1698 499 1828 565 minoris
1856 500 1986 566 saeculo
2008 501 2058 566 IX

418 626 556 686 exeunte
580 619 718 704 scriptus
741 618 882 684 continet
903 620 1011 703 posti
1035 618 1112 683 lolia
1135 617 1351 703 fragmentum
1374 619 1530 684 sermonis
1554 618 1739 686 exhibentia
1762 619 1937 685 carminum
1957 619 2056 686 libros

416 738 568 806 undecim
598 738 864 823 quatemiouibus
894 737 1077 822 quindecim
1107 745 1140 804 et
1168 739 1301 805 dimidio
1330 748 1479 805 exaratos
1501 739 1627 805 adiecto
1650 739 1672 803 1.
1702 741 1775 802 123r
1798 738 1963 804 Aldhelmi
1986 759 2057 805 car-

413 859 499 926 mine
527 863 656 925 Matrica
678 864 791 925 arcaea
820 858 931 945 (praef.
958 878 1055 924 carm.
1083 858 1124 924 de
1146 858 1235 925 laud.
1261 859 1403 943 virginit.
1430 859 1538 943 Migue
1562 858 1734 924 LXXXIX
1750 879 1783 944 p.
1803 860 1892 938 239).
1937 859 2055 925 deiude

412 987 569 1064 quattuor
591 979 731 1066 paginae
754 985 787 1046 et
810 979 946 1046 dimidia
968 998 1107 1060 vacuae,
1135 979 1314 1046 abscissum
1336 971 1371 1045 in
1393 979 1456 1045 fine
1480 978 1590 1044 solium
1613 998 1722 1043 unum.
1754 1016 1798 1026 -
1827 979 2056 1061 quaterniones

411 1099 553 1167 alternis
576 1099 833 1185 conscripserunt
854 1120 970 1166 manus
993 1098 1142 1166 diversae
1165 1108 1246 1166 tres:
1282 1121 1346 1166 una
1368 1099 1594 1184 quaterniones
1615 1099 1631 1162 l
1655 1099 1703 1163 Ill
1726 1099 1770 1163 VI
1793 1099 1854 1164 VH
1876 1099 1955 1163 VIII
1978 1099 2056 1164 XIV

410 1219 494 1303 XV,
522 1219 628 1286 altera
649 1219 682 1284 II
704 1220 749 1285 IV
770 1220 803 1284 X
825 1219 891 1302 Xl,
917 1219 1013 1286 tertia
1035 1220 1063 1284 V
1085 1221 1135 1284 lX
1155 1220 1239 1285 XIII
1260 1220 1354 1300 XVI;
1392 1220 1456 1286 nisi
1479 1219 1560 1286 sorte
1582 1238 1698 1286 manus
1720 1238 1802 1303 quae
1825 1218 1870 1284 VI
1892 1218 1954 1283 VII
1977 1218 2055 1283 VIII

416 1339 566 1406 exaravit
589 1339 718 1407 diversa
741 1346 790 1406 est
812 1361 832 1405 a
854 1340 958 1407 tribus
975 1341 1058 1406 istis.
1099 1359 1177 1408 saue
1193 1343 1347 1426 aequales
1364 1348 1438 1407 sunt
1454 1360 1576 1424 omnes,
1602 1359 1718 1406 manus
1734 1339 1933 1406 emendatrix
1949 1340 2051 1404 nulla.

412 1461 559 1545 paginae
584 1461 775 1527 tricenorum
798 1461 965 1545 quinorum
988 1481 1150 1528 versuum.
1176 1499 1219 1508 -
1249 1462 1472 1546 adglutinatus
1496 1469 1551 1528 est.
1567 1459 1669 1527 codex
1691 1466 1797 1526 aetate
1819 1458 1967 1542 aequalis
1989 1478 2053 1541 quo

416 1579 619 1647 continentur
652 1583 728 1646 liber
749 1581 902 1647 Archermi
933 1586 1067 1668 episcopi
1098 1585 1135 1646 dc
1165 1587 1352 1669 virginitatis
1381 1585 1474 1648 laudo
1503 1604 1540 1646 uc
1568 1583 1729 1645 solacentio
1761 1590 1938 1644 coarctatam
1969 1581 2054 1662 infra

410 1705 602 1784 scriptoram
624 1704 742 1766 heroico
766 1707 902 1767 camnine
925 1706 1060 1783 aeditua,
1091 1702 1115 1769 f.
1146 1706 1219 1769 167Γ
1243 1708 1416 1789 aenigmata
1441 1705 1616 1788 simphosii,
1643 1700 1781 1784 denique
1804 1707 1959 1766 tractatus
1981 1699 2053 1784 qui-

411 1821 488 1886 dam
512 1822 714 1906 grammatici
742 1822 891 1906 (21011).
918 1823 1095 1890 —codice
1126 1844 1204 1891 usus
1235 1831 1286 1890 est
1308 1824 1460 1890 Luohius.
1506 1823 1577 1908 ipse
1600 1823 1721 1886 Romae
1752 1819 1888 1902 contuli,
1924 1819 2052 1884 omissis

411 1941 490 2008 inde
515 1962 535 2007 a
557 1941 639 2008 libro
661 1942 723 2007 VH
746 1943 1014 2028 orthographicis.

502 2056 592 2122 Inter
614 2055 741 2122 codIces
764 2055 819 2138 qui
843 2076 861 2122 e
884 2056 1051 2123 Fortunati
1074 2056 1269 2124 carminibus
1293 2058 1422 2142 eclogas
1445 2065 1502 2124 aut
1523 2067 1609 2127 certe
1632 2060 1782 2127 undecim
1803 2059 1957 2125 librorum
1981 2079 2051 2125 cor-

412 2197 474 2262 pus
499 2197 564 2243 non
586 2177 724 2243 solidum
747 2178 903 2262 praebent
926 2178 1065 2264 primum
1087 2178 1192 2244 locum
1215 2186 1303 2245 tenet

359 2301 389 2360 Σ
503 2297 574 2363 cod.
602 2297 767 2364 Parisinus
797 2298 918 2364 latinus
945 2300 1062 2382 13,048
1094 2275 1170 2364 olim
1197 2299 1403 2366 Corbeiensis
1435 2299 1480 2383 (in
1509 2301 1695 2368 membrana
1724 2301 1879 2366 volumini
1908 2299 2053 2384 praelixa

415 2417 533 2502 legitur
555 2437 654 2483 manu
678 2437 704 2483 s.
731 2417 812 2483 XIII
835 2418 988 2504 scriptum
1013 2421 1089 2484 liber·
1111 2423 1213 2486 soracti
1234 2424 1317 2484 Petri
1340 2422 1491 2504 corbeie),
1524 2426 1600 2486 tunc
1631 2419 1920 2512 Sangermaueusis
1951 2439 2053 2486 mem-

411 2540 595 2605 branaceus
628 2538 750 2604 formae
779 2539 939 2624 oblongae
969 2539 1101 2605 minoris
1126 2546 1278 2605 constans
1301 2539 1437 2606 dirersis
1461 2539 1553 2605 libris
1575 2539 1676 2607 tribus
1699 2561 1719 2606 a
1742 2540 1996 2626 conglutinatore
2019 2540 2053 2604 in

413 2679 514 2724 uuum
536 2658 689 2726 volumen
710 2658 862 2727 redactis.
910 2679 1046 2742 quorum
1069 2659 1190 2745 primus
1213 2660 1344 2726 saeculo
1359 2660 1407 2725 IX
1431 2659 1568 2746 scriptus
1589 2659 1621 2744 (f.
1644 2664 1756 2744 1-30)
1778 2661 1916 2728 conduct
1931 2660 2055 2726 Adam-

414 2779 492 2844 nani
521 2779 562 2844 de
591 2778 671 2845 locis
701 2779 822 2845 sanctis
850 2779 950 2845 libros
973 2779 1023 2844 ΙΠ
1045 2784 1079 2845 et
1107 2778 1139 2862 (f.
1168 2782 1220 2844 29.
1248 2781 1297 2862 30)
1325 2779 1495 2846 Fortunati
1518 2779 1607 2863 VIII,
1634 2783 1665 2864 3,
1692 2783 1840 2846 93-178
1870 2781 1924 2846 ubi
1956 2779 2049 2860 vide;

411 2900 539 2982 tertius,
565 2900 643 2967 item
666 2919 752 2967 saec.
777 2899 840 2982 IX,
868 2900 1009 2966 continet
1030 2900 1054 2966 f.
1081 2902 1208 2964 59-76
1231 2899 1431 2984 cassiodori,
1459 2903 1586 2966 77-82
1609 2901 1784 2985 Augustini
1807 2901 1927 2985 scripta
1950 2920 2051 2983 quae-

351 3095 353 3102 ,
413 3020 490 3086 dam
513 3019 693 3104 dequibus
716 3019 903 3087 Guerardus
931 3020 1025 3106 (1.1.)
1053 3020 1253 3087 accuratiora
1274 3021 1407 3087 rettulit.
1453 3021 1624 3088 intercedit
1646 3021 1668 3086 s.
1688 3023 1815 3086 31-58
1839 3020 1940 3087 codex
1962 3020 2052 3085 eclo-

413 3161 475 3226 gas
498 3162 516 3207 e
538 3141 707 3207 Fortunati
730 3139 924 3208 carminibus
947 3141 1104 3208 exhibens
1127 3141 1256 3208 saeculo
1278 3142 1448 3232 VIII-IX
1475 3142 1590 3210 litteris
1612 3141 1852 3227 langobardicis
1874 3141 2050 3206 minoribus

298 3249 300 3258 '
414 3263 583 3346 eleganter
611 3261 759 3349 scriptus.
807 3263 1007 3349 praecedunt
1036 3262 1060 3327 f.
1087 3264 1213 3328 31-38
1243 3263 1417 3329 Falconiae
1446 3264 1570 3330 Probae
1592 3270 1767 3350 ,centonem
1806 3269 1957 3328 secuntur
1978 3268 2051 3346 post

413 3381 655 3468 inscriptionem
677 3400 807 3448 rnorem
829 3400 915 3449 orvs
938 3399 1134 3447 ronrrmnrr
1156 3400 1357 3448 ransarruur
1379 3382 1460 3449 haec
1483 3381 1643 3449 carmina:
1670 3405 1745 3469 app.
1768 3388 1799 3462 1;
1826 3382 1897 3464 Vll,
1920 3387 1969 3446 11.
1992 3385 2045 3460 13;

415 3502 504 3584 VIII,
523 3507 555 3566 4.
577 3507 611 3581 13
638 3521 714 3586 app.
734 3504 764 3564 2.
785 3503 821 3578 3;
847 3501 890 3582 II,
912 3504 967 3580 12;
994 3501 1066 3582 VH,
1086 3505 1117 3565 9.
1139 3503 1194 3580 18;
1222 3523 1299 3586 app.
1318 3507 1354 3582 43
1381 3502 1453 3584 VII,
1473 3505 1531 3576 20;
1560 3502 1708 3569 Lactanti
1732 3501 1875 3567 Phoenix
1904 3503 1944 3581 [v.
1962 3501 1984 3564 i.
2009 3500 2049 3565 de

415 3628 545 3689 auctore
567 3621 649 3688 nihil
670 3621 878 3704 indicatuml;
906 3640 982 3706 app.
1001 3624 1033 3685 5.
1051 3623 1082 3684 6.
1102 3624 1136 3700 73
1164 3620 1252 3701 VIII,
1273 3627 1303 3685 5.
1323 3623 1353 3686 8.
1373 3623 1408 3698 93
1436 3620 1491 3702 IV,
1513 3624 1566 3700 ¹¹3
1593 3620 1636 3703 ll,
1658 3624 1711 3700 10;
1738 3619 1793 3702 lV,
1814 3625 1843 3682 5.
1864 3622 1894 3682 0.
1922 3621 1973 3700 27,
1993 3621 2046 3681 21.

416 3746 472 3824 22;
499 3765 575 3830 app.
595 3745 626 3808 8.
645 3745 679 3821 9;
706 3742 840 3825 111,3o;
868 3740 928 3824 XI,
947 3743 999 3823 20,
1020 3742 1116 3805 6-8.
1136 3743 1278 3821 21-25,
1305 3741 1388 3822 1,7;
1415 3739 1474 3822 XI,
1493 3743 1548 3820 26;
1576 3760 1652 3825 app.
1674 3743 1810 3805 10-31.
1836 3775 1879 3785 -
1901 3737 2051 3804 dixerunt

307 3949 308 3952 Ἴ
415 3863 457 3929 de
480 3863 541 3929 hoc
563 3862 673 3930 codice
697 3861 884 3928 Guerardus
905 3861 940 3926 in
961 3861 1093 3928 Notices
1116 3869 1149 3928 et
1171 3861 1313 3927 Extraits
1334 3861 1412 3944 XII,
1441 3862 1534 3943 1831,
1560 3867 1642 3945 part.
1661 3861 1694 3925 II
1709 3881 1742 3946 p.
1762 3863 1876 3943 75sq,
1903 3859 1955 3943 qui
1979 3878 2051 3924 car-

415 3977 502 4049 mina
531 3983 564 4048 in
594 3982 764 4049 duodecim
787 3981 939 4049 librorum
963 4002 1096 4068 corpore
1118 4002 1182 4047 non
1204 3988 1333 4049 servata
1354 3981 1475 4066 primus
1498 3979 1617 4060 edidit;
1650 3980 1867 4048 Baehreusius
1890 3980 1924 4045 in
1946 3981 2050 4046 musei

415 4103 562 4170 Rhenani
578 4103 643 4168 vol.
660 4102 758 4167 XXX
773 4123 807 4188 p.
826 4105 902 4184 3083
929 4103 1058 4169 Riesius
1080 4102 1114 4168 in
1136 4102 1237 4188 Ieepii
1259 4101 1439 4169 Claudiano
1455 4101 1488 4168 II
1504 4123 1536 4188 p.
1559 4104 1628 4183 100,
1656 4101 1711 4184 qui
1733 4101 1866 4168 carmini
1889 4101 1929 4167 de
1946 4101 2049 4167 Phoe-

415 4225 487 4291 nice
510 4222 637 4290 edendo
660 4222 803 4289 codicem
826 4222 984 4291 adhibuit.
1023 4244 1130 4290 meum
1152 4223 1187 4289 in
1209 4243 1303 4289 usum
1326 4231 1474 4289 accurate
1498 4221 1631 4288 contulit
1651 4229 1684 4288 ct
1705 4220 1876 4306 descripsit
1890 4220 2049 4286 Rudollus

416 4343 541 4429 Peiper.
566 4344 638 4427 ipse
661 4343 779 4409 librum
801 4364 865 4409 non
886 4343 966 4409 vidi.

364 4467 390 4526 P
503 4464 575 4531 cod.
600 4464 859 4550 Petropolitanus
889 4465 926 4529 F.
953 4464 1041 4529 XIV.
1071 4469 1085 4526 1
1117 4463 1191 4529 olim
1222 4462 1425 4530 corbeiensis
1460 4462 1494 4546 (f.
1524 4467 1552 4525 1r
1576 4482 1672 4530 manu
1700 4481 1727 4527 s.
1754 4461 1831 4526 XIV
1860 4461 2048 4547 inscriptum

415 4587 492 4650 liber·
514 4590 616 4650 soracti
640 4589 722 4649 Petri
746 4585 877 4668 corbeie)
905 4590 981 4651 tunc
1006 4582 1293 4668 Sangermanensis
1316 4584 1390 4664 598,
1415 4603 1436 4648 a
1458 4583 1553 4648 Petro
1575 4581 1783 4667 Dubrowshy
1809 4583 1854 4664 (ut
1875 4581 2049 4647 iudicatum

414 4713 464 4772 est
485 4705 509 4771 f.
531 4709 561 4768 1r
577 4711 610 4771 et
628 4707 712 4790 143')
741 4704 935 4790 Petropolim
958 4704 1143 4786 translatus,
1169 4703 1433 4769 membranaceus
1457 4702 1579 4769 formae
1602 4703 1761 4788 oblongae
1783 4702 1913 4769 saeculo
1936 4701 2045 4784 Vssli)

414 4825 529 4892 litteris
551 4824 792 4909 langobardicis
814 4825 856 4891 ab
878 4844 943 4889 una
965 4824 1143 4907 eademque
1166 4844 1263 4889 manu
1285 4830 1438 4890 exaratus
1460 4829 1585 4890 constat
1607 4823 1812 4906 quinionibus
1834 4822 1935 4888 tribus
1971 4823 1996 4905 [l
2018 4823 2050 4887 11

413 4946 501 5031 VII),
527 4945 791 5030 quatemiouibus
815 4944 986 5011 duodecim
1014 4944 1173 5027 (lv-Vh
1201 4944 1425 5027 VIII—XVI),
1451 4944 1583 5011 senione
1612 4944 1739 5028 (XVII),
1765 4951 1839 5028 post
1853 4943 1898 5006 Vl
1921 4943 2050 5008 binione

413 5065 543 5148 inserto,
577 5072 650 5152 post
672 5065 766 5130 XVII
788 5064 892 5131 tribus
915 5065 1002 5131 loliis
1025 5064 1176 5147 adiectis,
1211 5063 1333 5131 avulsis
1362 5071 1437 5130 aute
1468 5064 1623 5148 scriptum
1651 5063 1767 5130 librum
1795 5063 1933 5148 singulis
1963 5061 2050 5126 foliis

414 5188 498 5252 inter
524 5189 562 5251 13
585 5193 618 5253 et
643 5191 691 5267 11,
719 5185 804 5252 inter
826 5187 867 5250 29
890 5192 923 5251 et
945 5187 997 5268 30,
1027 5185 1111 5251 inter
1133 5190 1173 5249 55
1197 5192 1230 5251 et
1252 5187 1304 5248 56.
1351 5183 1431 5249 solia
1454 5184 1553 5267 igitur
1577 5186 1649 5249 113.
1696 5183 1836 5268 pagiua-c
1859 5183 2048 5248 tricenorum

417 5389 830 5396 ——--———--..--.-—....--........—-.-

484 5517 507 5580 ’1)
529 5519 563 5566 cl.
584 5517 647 5567 Nor.
668 5516 749 5566 Tract.
771 5517 833 5578 dipl.
855 5518 893 5565 Ill
915 5518 969 5579 (No.
985 5515 1044 5578 183)
1066 5516 1185 5565 Mabillou
1204 5517 1266 5578 dipl.
1288 5515 1336 5564 353
1356 5516 1395 5565 W.
1410 5515 1493 5563 Arndt
1512 5513 1626 5565 Schristt.
1647 5521 1666 5565 t.
1687 5516 1733 5563 Vl.
1771 5527 1853 5575 nuper
1878 5513 1986 5561 rodinum
2009 5513 2049 5560 iu-

413 5605 498 5667 spexit
517 5605 548 5652 ll.
565 5603 663 5666 Gillart,
685 5607 718 5655 cs.
739 5604 822 5653 Neues
842 5603 936 5652 Archiv
953 5603 978 5650 V
996 5619 1020 5666 p.
1037 5602 1134 5664 255sq.
