4344 6142
839 317 1039 376 CARMINVM
1059 322 1130 376 LlB.
1150 325 1187 379 11.

731 505 827 572 Salve
850 528 923 590 ara,
950 510 1039 576 salve
1063 512 1192 580 victima

613 629 642 664 :m
820 610 861 676 de
883 613 1042 696 passionis
1063 615 1186 700 gloria,

820 734 884 796 qua
906 716 973 780 vita
995 726 1125 784 mortem
1149 722 1282 804 pertulit
1344 733 1345 736 ’

820 825 853 886 et
876 827 975 888 morte
998 819 1096 890 vitam
1120 823 1270 892 reddidit.

990 1204 1050 1270 VII

806 1358 862 1432 De
889 1358 1016 1434 domno
1043 1360 1234 1436 Saturnino

543 1559 645 1624 lanua
667 1563 755 1628 celsa
776 1563 843 1648 poli
866 1572 951 1632 terre
973 1568 1121 1652 pulsante
1143 1569 1279 1652 patescit

629 1671 662 1730 et
682 1666 797 1751 recipit
818 1675 910 1734 natos
933 1690 1012 1754 quos
1034 1672 1201 1753 generavit
1224 1672 1354 1737 humus:

543 1766 734 1834 admiranda
756 1771 836 1837 haec
859 1779 909 1839 est
930 1775 1054 1839 occasio
1077 1774 1164 1840 lacta
1186 1777 1319 1856 salutis,

629 1878 664 1938 ut
686 1871 726 1938 de
749 1883 849 1941 morte
871 1895 931 1942 sua
953 1878 1097 1962 praemia
1118 1879 1200 1944 lucis
1222 1887 1339 1945 emant.

478 1993 490 2030 c
544 1972 733 2040 Satuminus
756 1978 840 2044 enim
864 1980 996 2064 cupiens
1019 2001 1054 2046 se
1077 1987 1204 2047 nectere
1228 1981 1353 2048 Christo

629 2080 750 2144 carnali
772 2081 807 2147 in
830 2080 942 2149 habitu
964 2084 1067 2150 noluit
1088 2103 1159 2149 esse
1183 2085 1257 2168 diu,

544 2181 672 2248 vincula
695 2185 837 2268 corporei
860 2186 1037 2253 dissolvere
1061 2188 1197 2252 carceris
1219 2197 1350 2272 optans,

630 2288 758 2370 plenius
782 2297 817 2355 ut
838 2289 965 2356 domino
988 2309 1022 2355 se
1046 2290 1181 2356 sociaret
1203 2290 1308 2356 homo.

543 2396 685 2475 tempore
708 2399 830 2458 maturo
853 2414 923 2458 cum
947 2393 1010 2458 iam
1033 2411 1108 2476 spes
1131 2401 1216 2460 esset
1237 2394 1365 2474 adulta,

630 2503 833 2579 sumpserunt
855 2496 991 2581 pretium
1015 2504 1089 2563 vota
1110 2497 1208 2562 brute
1229 2517 1333 2563 suum.

544 2595 682 2679 dumque
706 2599 884 2666 sacerdotio
906 2599 1064 2667 frueretur
1085 2600 1119 2666 in
1141 2601 1219 2666 urbe
1242 2601 1362 2667 Tolosa

630 2707 662 2766 et
684 2703 811 2787 populis
834 2703 995 2769 Christum
1017 2705 1175 2789 panderet
1197 2724 1268 2770 esse
1292 2704 1405 2786 deum,

544 2803 716 2870 ostendens
739 2806 864 2888 verbis,
890 2807 1015 2873 addens
1038 2808 1194 2873 miracula
1215 2807 1326 2888 factis,

629 2914 664 2973 ut
685 2909 770 2992 quod
793 2927 897 2976 sermo
920 2910 1010 2976 duret
1033 2919 1279 2995 consequeretur
1301 2931 1397 2998 opus,

477 3033 490 3070 c
544 3010 682 3094 gentiles
705 3013 829 3077 animas
852 3012 980 3099 rapiens
1002 3013 1042 3080 de
1066 3013 1161 3080 fauce
1184 3015 1313 3098 tyranni

630 3114 789 3181 subdebat
811 3116 879 3201 regi
902 3116 956 3200 qni
980 3116 1071 3182 dedit
1091 3137 1182 3182 arma
1205 3116 1277 3182 sibi.

544 3215 602 3282 sed
624 3217 737 3285 vitiata
759 3219 853 3284 malis
877 3227 909 3285 et
930 3220 1024 3305 plebs
1046 3219 1167 3286 infecta
1188 3218 1339 3301 venenis,

628 3321 732 3386 curari
755 3323 929 3408 effugiens,
955 3343 1054 3406 aegra
1074 3323 1179 3389 iacere
1203 3323 1331 3404 volens,

542 3424 730 3508 conprendit
751 3427 836 3492 male
859 3425 1081 3508 cancrinum,
1108 3426 1151 3492 ad
1174 3424 1324 3511 capitolia
1346 3425 1437 3492 duxit

629 3535 726 3612 atque
749 3548 807 3593 suo
830 3529 955 3596 medico
976 3531 1111 3596 vulnera
1133 3531 1227 3615 plura
1249 3527 1354 3608 dedit;

541 3641 598 3716 pro
621 3631 743 3717 pietate
766 3631 892 3716 dolum,
918 3653 974 3719 pro
997 3633 1093 3699 melle
1116 3652 1240 3699 venena
1262 3631 1441 3718 rependens

629 3743 737 3801 contra
759 3743 892 3802 tutorem
916 3737 1014 3802 noxia
1035 3737 1123 3802 bella
1144 3743 1262 3802 movet.

543 3837 685 3924 subligat
707 3837 853 3906 indomiti
876 3847 1021 3906 sanctum
1043 3840 1086 3905 ad
1108 3839 1247 3924 vestigia
1268 3838 1351 3905 tauri

628 3950 661 4008 et
682 3942 841 4024 stimulat,
868 3942 959 4008 lieret
979 3963 1020 4010 ne
1042 3943 1121 4027 fuga
1142 3941 1236 4010 tarda
1257 3942 1327 4008 feri.

542 4046 684 4131 pessima
706 4065 796 4111 mens
819 4046 999 4129 hominum,
1026 4046 1087 4114 diri
1108 4067 1192 4112 nova
1213 4045 1318 4112 bestia
1340 4047 1488 4112 monstri!

628 4169 687 4215 nec
709 4149 792 4214 tauri
814 4148 959 4214 indomiti
981 4149 1101 4216 sufficit
1122 4149 1171 4214 ira
1192 4148 1273 4214 tibi?

542 4260 675 4320 naturae
697 4252 830 4319 rabidae
852 4252 1012 4320 lenitatem
1034 4252 1211 4337 adiungere
1233 4251 1332 4318 nosti:

628 4356 713 4440 quod
736 4376 794 4440 per
816 4375 851 4422 se
873 4357 976 4423 nescit
996 4363 1028 4421 te
1051 4356 1236 4422 stimulante
1259 4355 1345 4422 furit.

542 4460 635 4526 turba
657 4465 789 4525 eruenta
810 4479 946 4538 nocens,
972 4459 1068 4525 huius
1090 4465 1122 4525 te
1144 4461 1276 4526 vulnere
1299 4460 1426 4544 perdis:

458 4585 488 4625 so
629 4563 689 4628 etsi
711 4583 775 4628 non
797 4563 864 4644 illi,
891 4583 1022 4648 parcere
1045 4561 1133 4629 disce
1155 4562 1225 4628 tibi.

542 4667 617 4732 hinc
639 4667 726 4732 ferus
748 4666 911 4751 inpatiens
933 4687 1006 4732 mox
1029 4687 1127 4731 curva
1148 4686 1206 4752 per
1227 4666 1301 4730 avia
1323 4673 1433 4751 raptus

627 4769 749 4854 passim
772 4769 915 4835 membra
936 4769 981 4854 pii
1004 4767 1109 4834 fundit
1130 4768 1165 4834 in
1187 4779 1266 4845 urbe
1289 4767 1361 4834 viri.

276 5062 309 5112 30
327 5065 452 5126 passiones
471 5062 512 5127 0¹,
532 5079 595 5114 corr.
619 5064 649 5113 Gi
767 5063 796 5112 31
818 5065 877 5126 quis
895 5064 954 5112 G¹V
1055 5063 1211 5127 pertnllitP
1324 5063 1357 5113 32
1375 5068 1521 5114 morteuil
1625 5068 1740 5116 reddedit
1758 5069 1794 5116 ill

207 5150 298 5199 miser.
319 5165 342 5199 v.
363 5165 439 5200 xxxrr
460 5151 601 5200 ACPMDG
677 5203 688 5220 μ
706 5155 732 5200 iu
750 5151 773 5198 P
788 5153 898 5213 sequitur
919 5153 1032 5212 ‘Lingos
1050 5151 1238 5214 prophetarum'
1256 5153 1344 5200 iterum

276 5238 322 5286 Vll
344 5237 368 5298 (u
387 5238 416 5296 L}
437 5241 504 5287 extat
521 5240 548 5286 in
566 5237 589 5284 P
604 5237 626 5298 f.
647 5236 694 5286 δι’
711 5242 765 5299 post
783 5239 822 5298 11,
843 5241 868 5298 8,
890 5239 923 5286 20
941 5242 993 5287 siue
1011 5240 1082 5286 titulo
1099 5239 1234 5300 calepodio
1351 5236 1415 5287 l—i
1433 5243 1488 5299 post
1505 5254 1529 5286 o.
1546 5241 1577 5286 54
1597 5239 1620 5286 Ρ
1724 5241 1732 5289 l
1755 5239 1832 5308 celsa]

207 5323 269 5372 cells
287 5323 310 5370 P
410 5322 532 5390 paritescit
549 5324 626 5372 sieP
728 5324 921 5373 {indurlrsrrdse
945 5325 1055 5387 (cerno.)
1079 5325 1100 5371 G
1204 5323 1351 5372 limeturno
1369 5323 1402 5370 6¹
1508 5324 1538 5374 lo
1558 5327 1610 5384 regi
1627 5340 1676 5374 rus.
1692 5329 1830 5386 seregent

210 5407 240 5457 19
258 5410 405 5471 conprendit
426 5407 500 5476 CPB]
519 5411 673 5472 comprendit
691 5408 771 5470 6331,
792 5411 971 5473 conprehendit
990 5411 1062 5460 Ans
1166 5405 1290 5476 capitulis]
1309 5410 1396 5471 pitolis
1415 5410 1437 5457 P
1539 5409 1568 5459 21
1591 5426 1634 5473 pro
1653 5409 1757 5478 pietate]
1777 5427 1833 5474 pro-

206 5497 317 5556 persiste
336 5497 368 5546 A.
388 5498 543 5559 proplectrte
562 5494 597 5556 ir,
617 5497 768 5560 proprlstote
790 5495 821 5544 6¹
961 5497 1062 5546 22-25
1080 5511 1128 5546 om.
1146 5495 1177 5544 θ’
1204 5496 1261 5546 Vm.
1284 5495 1331 5556 (cd.
1352 5497 1439 5544 Veneto
1457 5511 1487 5544 ce
1504 5497 1524 5544 V
1540 5497 1672 5558 expressa),
1694 5500 1776 5558 suppl.
1800 5496 1842 5546 Ul*

208 5581 239 5630 33
258 5583 381 5643 subligat:
403 5597 418 5630 o
438 5585 456 5630 i.
476 5597 526 5632 rus.
547 5582 570 5629 P
688 5583 822 5642 uestigirtn
840 5584 890 5632 uiri
909 5582 942 5630 13¹
964 5585 1033 5645 (corr.
1054 5582 1112 5645 8¹¹2)
1238 5582 1271 5630 25
1289 5583 1374 5630 beuter
1395 5581 1423 5644 Ρ,
1445 5583 1526 5630 histes
1546 5581 1580 5628 ll¹
1703 5583 1733 5630 27
1754 5581 1831 5650 nosti]

213 5667 324 5715 mostiL
429 5667 461 5718 28
480 5665 548 5736 te]e
569 5669 589 5716 0
691 5671 758 5717 iuret
775 5669 867 5717 ACPD
972 5669 1013 5718 33.
1035 5671 1068 5720 30
1086 5685 1133 5716 om.
1156 5668 1178 5715 P
1281 5666 1310 5717 31
1331 5669 1460 5731 inpatiens
1479 5665 1630 5734 Aornos]
1649 5671 1708 5730 imp.
1729 5668 1776 5716 BL

1588 5769 1626 5820 ὀὶ
