4536 6196
827 340 922 396 vrrs
940 339 969 396 s
989 339 1151 396 uramur
1170 341 1241 396 um.
1261 341 1312 396 111.
1413 305 1417 318 '

589 529 623 595 id
646 536 772 613 gestum
795 537 846 594 est
866 528 923 594 illo
947 529 1006 594 sub
1030 535 1191 614 temporo,
1217 530 1346 613 quando
1369 530 1457 596 beati

488 651 536 694 urs
588 653 647 718 per
669 632 793 698 medias
815 631 962 697 flammas
984 652 1044 698 nec
1066 632 1193 699 fimbria
1215 640 1359 698 senserat
1382 632 1487 716 ignes.

675 734 725 800 De
748 734 889 800 minimis
911 736 1007 800 etiam
1031 735 1211 802 referantur
1232 735 1375 800 maxima
1397 756 1515 802 rerum.

588 845 729 922 tempore
752 858 827 903 nem
849 837 1005 919 quodam,
1033 838 1108 903 dum
1132 839 1219 904 vicos
1242 839 1355 904 circuit
1378 839 1501 921 almus,

589 941 684 1007 obvia
712 940 862 1020 [venandi
884 941 989 1008 studio
1012 942 1101 1007 volet
1121 961 1240 1025 agmen
1262 945 1424 1024 equorum)

588 1065 665 1110 nare
689 1064 806 1129 sagace
829 1064 944 1110 cauum
966 1045 1002 1110 iit
1023 1045 1146 1128 praeda
1168 1051 1296 1128 reperta
1319 1044 1475 1110 frutectis.

587 1147 772 1214 transiliunt
793 1167 923 1232 campos
946 1148 1071 1229 equites
1094 1155 1126 1212 et
1149 1167 1224 1212 voce
1248 1155 1419 1227 secuntur,

588 1250 757 1315 intendunt
779 1251 920 1334 leporem
943 1249 1116 1332 fugitivum
1138 1249 1263 1332 agitare
1286 1250 1431 1314 molossi.

589 1353 725 1418 saltibus
748 1353 877 1418 excussi
898 1354 1020 1419 latratu
1043 1359 1075 1417 et
1097 1352 1194 1417 deute
1216 1352 1333 1416 minaci

589 1456 698 1522 diffusi
721 1463 893 1522 excurrunt
915 1456 1038 1521 celeres
1061 1456 1093 1520 in
1116 1475 1224 1521 amore
1247 1455 1417 1539 rupinae,¹

587 1561 670 1624 alter
691 1561 724 1625 in
747 1559 882 1626 alterius
904 1560 1041 1624 miscent
1063 1559 1201 1643 vestigia
1224 1560 1343 1638 saltus,

587 1662 648 1728 iste
672 1682 796 1744 sequax
818 1663 949 1743 tacitus,
977 1663 1057 1747 petit
1079 1663 1132 1728 bic
1154 1663 1347 1728 clamoribus
1369 1682 1484 1744 auras,

587 1763 641 1830 hic
662 1765 776 1831 frutice
798 1766 833 1830 iu
855 1785 956 1830 vacuo
979 1765 1110 1831 delusus
1133 1766 1229 1830 odore
1252 1772 1392 1845 rotatur,

587 1869 726 1934 motibus
748 1869 892 1934 arboreis
914 1869 1000 1934 saltu
1023 1868 1231 1954 suspenditur
1252 1869 1352 1950 alter,

587 1980 740 2057 capturae
764 1972 859 2038 unius
883 1981 1064 2037 cunctorum
1089 1971 1217 2037 frendet
1238 1972 1344 2036 hiatus

588 2095 687 2159 saepe
710 2094 808 2160 super
831 2076 970 2159 leporem
994 2095 1101 2140 morsu
1124 2074 1280 2158 deceptus
1302 2075 1407 2154 ineni;

590 2177 751 2262 unguibus
773 2178 899 2243 iniectis
924 2177 999 2242 dum
1023 2177 1147 2262 praeda
1168 2177 1318 2242 volubilis
1342 2177 1409 2242 exit

589 2301 627 2346 ac
651 2301 686 2346 se
709 2281 803 2347 turba
825 2281 958 2365 premit,
985 2281 1032 2345 sic
1054 2281 1178 2346 lubrica
1200 2281 1328 2346 bestule
1350 2280 1445 2364 fugit.

588 2405 651 2450 non
674 2391 744 2450 erat
765 2384 890 2450 interea
911 2403 975 2466 quo
998 2384 1081 2450 calle
1104 2382 1290 2468 lepusculus
1313 2383 1392 2450 iret:

588 2507 678 2552 mons
702 2486 799 2552 vallis
821 2494 914 2571 petra
937 2486 1020 2552 silva
1042 2487 1149 2552 frutex
1172 2486 1334 2552 defecerat
1356 2487 1460 2552 omnis

587 2611 645 2675 per
666 2591 794 2676 patulos
817 2609 947 2674 campos
970 2589 1106 2673 fugienti
1130 2590 1271 2673 tegmine
1292 2589 1395 2670 nudo,

588 2694 709 2778 poplite
732 2692 875 2774 defecto,
902 2693 985 2777 pede
1008 2693 1113 2774 lasso,
1140 2713 1217 2759 nare
1240 2692 1371 2758 reclina.

586 2804 671 2861 totus
694 2795 735 2860 ab
758 2816 813 2861 ore
835 2795 925 2860 canis
947 2815 1005 2881 per
1027 2795 1157 2878 singule
1178 2816 1341 2862 murmura
1363 2795 1509 2879 pendens

587 2900 688 2964 sensit
711 2897 828 2963 adesse
851 2905 958 2964 umen
981 2898 1110 2964 Martini
1133 2899 1228 2980 signa
1251 2899 1355 2980 beati,

587 3001 677 3067 flexit
698 3001 760 3066 iter
781 3000 927 3086 trepidus
949 3001 1091 3066 hirsutus
1114 3001 1228 3067 fraude
1250 3022 1307 3086 per
1329 3003 1461 3069 herbas.

586 3105 719 3171 auribus
741 3105 896 3185 adclinis,
923 3124 1027 3187 vagus
1051 3106 1235 3189 exagitatus
1257 3106 1395 3172 anbelus

586 3209 709 3274 conruit
730 3216 805 3275 ante
828 3208 929 3290 pedes
951 3208 1094 3273 titubans
1117 3209 1211 3293 lepus
1234 3208 1362 3273 advena
1385 3207 1538 3292 supplex,

586 3312 614 3376 si
637 3332 702 3377 non
724 3331 803 3376 voce
825 3317 945 3396 potest,
972 3308 1051 3376 flatu
1073 3331 1131 3394 pro
1154 3311 1226 3376 luce
1247 3317 1406 3395 precetur.

586 3414 633 3480 sic
654 3414 723 3480 fera
745 3434 846 3499 parva
868 3413 952 3478 iacet
973 3413 1102 3479 Martini
1123 3413 1266 3497 tegmine
1289 3419 1359 3479 tuta

586 3525 618 3584 et
640 3517 772 3584 recubat
795 3516 882 3582 dulci
905 3515 1041 3582 defensa
1063 3515 1123 3582 sub
1146 3515 1268 3581 arboris
1290 3516 1417 3581 umbra.

584 3629 652 3687 tum
675 3639 767 3686 sacer
789 3640 830 3686 ex
853 3619 945 3685 solito
967 3619 1140 3685 miseratus
1162 3639 1249 3685 more
1272 3619 1395 3684 salubri

483 3749 487 3759 ·
584 3725 721 3809 imperat
743 3729 778 3788 ut
800 3723 899 3788 eatuli
922 3729 1050 3789 cessent
1071 3723 1209 3788 abeunte
1232 3721 1361 3807 fugace.

585 3834 618 3892 at
639 3845 731 3893 sacer
752 3826 811 3891 ille
834 3845 948 3891 eanum
971 3845 1046 3890 mox
1069 3845 1172 3891 sermo
1196 3825 1334 3893 cucurrit
1355 3825 1390 3891 in
1414 3843 1527 3906 aures,

583 3937 767 4016 torpescunt
789 3929 895 4013 agiles
916 3929 1015 3995 verbo
1038 3928 1157 4012 figente
1179 3928 1338 4012 lyciscae,

583 4033 749 4118 gressibus
771 4031 942 4098 instabiles
964 4031 1145 4116 pendentes
1168 4031 1304 4098 saltibus
1326 4032 1424 4118 ipsis,

583 4142 617 4202 et
637 4135 763 4202 rediere
786 4153 884 4200 cenes
906 4134 1000 4218 quasi
1022 4154 1080 4220 per
1102 4134 1242 4218 vestigia
1264 4136 1382 4202 canori.

246 4343 327 4376 rarum
346 4343 391 4379 ovs
410 4330 530 4392 placidior
548 4330 688 4378 inmiscuit.
729 4329 764 4389 (5)
785 4327 830 4376 boc
848 4326 912 4375 illud
930 4326 980 4374 iuit
999 4332 1112 4388 tempus,
1139 4339 1189 4388 quo
1212 4328 1280 4376 inter
1303 4328 1398 4376 medias
1423 4329 1534 4378 flammas
1552 4331 1651 4391 positus
1670 4342 1719 4377 non
1739 4331 1820 4378 sensit
1837 4332 1880 4378 in-

247 4416 372 4476 cendium,
393 4414 458 4477 quod
478 4415 540 4464 mihi
559 4427 609 4463 non
627 4415 732 4463 arbitror
750 4427 806 4462 esse
825 4413 983 4462 reiciendum
1003 4427 1024 4462 c.
1046 4429 1068 4475 q.
1090 4428 1111 4461 s.

316 4503 340 4560 9,
362 4503 378 4550 6
401 4500 512 4558 Quodam
534 4507 659 4564 tempore,
685 4513 742 4547 eum
765 4500 890 4548 dioeceses
913 4500 1042 4560 circuiret,
1069 4499 1217 4547 venantium
1238 4512 1327 4559 sgnum
1350 4500 1513 4550 incurrimus.
1555 4514 1629 4550 canes
1652 4501 1764 4564 leporem
1787 4515 1880 4564 seque·

174 4607 177 4614 ·
247 4591 352 4638 bantur:
386 4588 486 4648 iamque
510 4587 591 4635 multo
612 4587 693 4647 spatio
718 4588 783 4634 ricta
805 4586 923 4646 bestiola,
953 4599 1011 4632 cnm
1034 4585 1147 4647 undique
1171 4587 1264 4648 campis
1288 4585 1338 4634 inte
1362 4588 1506 4649 patentibus
1530 4587 1629 4635 nullum
1654 4593 1723 4636 esset
1746 4587 1878 4650 effugium,

247 4681 351 4722 mortem
369 4673 538 4720 inminentem
556 4674 608 4720 iam
625 4673 726 4734 iamque
745 4672 866 4735 capienda
885 4672 977 4719 crebris
995 4672 1105 4720 flexibus
1123 4671 1264 4722 dlfierebat.
1301 4674 1374 4720 cuius
1397 4674 1537 4735 periculum
1560 4674 1597 4721 vir
1621 4675 1711 4723 beatus
1734 4676 1777 4736 pla
1795 4683 1880 4724 mente

246 4763 380 4808 miseratus
397 4760 510 4820 imperat
527 4759 648 4818 canibus,
669 4758 914 4820 desisterenr,aequi
933 4764 958 4806 et
976 4759 1089 4807 sinerent
1105 4759 1174 4806 abire
1191 4759 1343 4819 lugientem.
1381 4760 1499 4807 continuo
1516 4759 1547 4808 sd
1565 4760 1674 4822 primum
1693 4763 1814 4809 sermonis
1832 4763 1881 4810 im-

317 5032 367 5084 ³25
385 5035 458 5094 ignes
473 5029 525 5101 LS]
543 5034 610 5094 ignis
624 5033 678 5082 cell.
785 5033 836 5083 326
854 5047 872 5081 x
886 5032 960 5081 ΡΝΜ
1061 5046 1223 5082 arcusarcus
1240 5046 1372 5082 urscsssrr
1389 5045 1532 5082 rxconoms
1546 5032 1571 5082 N
1674 5033 1724 5084 338
1742 5038 1879 5095 eontanas:

245 5122 320 5171 obuia
331 5122 359 5168 iit
371 5121 463 5182 praeda
475 5134 535 5169 nare
548 5131 638 5168 canum
651 5124 750 5180 reperta
855 5117 905 5169 329
924 5120 1042 5170 frutectis
1060 5123 1095 5169 sic
1112 5119 1182 5168 codd.
1290 5119 1340 5170 330
1358 5121 1487 5168 transiluit
1504 5119 1537 5168 Ρι
1641 5128 1762 5170 secuntur
1781 5117 1821 5186 N]
1839 5135 1880 5169 se-

243 5211 359 5270 quuntur
375 5207 430 5254 reli.
589 5203 636 5254 ³³1
657 5205 759 5255 molossi
780 5201 842 5271 ΡΝ]
868 5207 954 5254 molosi
972 5207 1025 5255 rsit.
1185 5205 1232 5255 341
1253 5207 1351 5255 bertuis
1369 5202 1415 5272 ΒΞ]
1437 5207 1532 5254 blstnla
1548 5205 1615 5266 rsit,
1636 5207 1731 5255 bestola
1748 5205 1878 5257 Bromcnu

243 5291 294 5343 343
313 5305 362 5355 quo
380 5287 449 5358 Bm]
467 5291 533 5354 quod
550 5291 604 5340 rell.
720 5291 770 5340 343
790 5292 868 5340 ualles
887 5291 965 5340 PNld
1066 5306 1152 5342 omnes
1171 5291 1219 5340 ΡΝ
1327 5291 1376 5341 344
1395 5297 1448 5355 post
1466 5291 1516 5340 345
1534 5291 1591 5341 Bs¹
1697 5291 1747 5341 344
1766 5293 1879 5352 fugiente

244 5378 279 5440 si,
299 5379 440 5440 fugientem
454 5375 486 5426 Ρ1
590 5375 651 5436 sort.
666 5379 735 5428 nullo
841 5376 891 5426 348
909 5378 1019 5427 birsutas
1032 5375 1096 5446 PN]
1114 5379 1279 5430 hirsutsrclt.
1386 5378 1436 5428 350
1454 5379 1553 5427 meruit
1566 5375 1657 5446 ΝΒΜ]
1675 5378 1844 5429 corruitPLS

243 5465 335 5527 suplex
354 5463 377 5514 P
499 5463 546 5514 351
568 5465 629 5512 fletu
647 5463 704 5512 ΒΗ
827 5463 883 5512 lscs
902 5463 942 5522 ΡΙ,
964 5478 1024 5514 uoce
1043 5461 1077 5513 L²
1199 5463 1248 5514 354
1267 5465 1326 5513 dum
1346 5465 1370 5513 Ν
1489 5463 1538 5514 353
1558 5466 1701 5526 torpiscnnt
1719 5464 1802 5525 agelas
1823 5465 1846 5512 Ν

242 5553 342 5601 liciscae
360 5550 425 5599 BLS
531 5550 581 5600 ³58
600 5551 714 5610 gresibus
735 5550 759 5598 N
861 5551 1002 5612 pendentes
1020 5547 1082 5617 ΡΝ]
1102 5553 1270 5613 pendentibus
1289 5551 1315 5612 S,
1337 5553 1500 5615 pensantibus
1519 5551 1550 5612 B,
1570 5552 1738 5614 prudentibus
1758 5551 1793 5614 ld,
1815 5567 1878 5614 pen-

242 5639 303 5688 deut
320 5640 347 5687 ln
365 5637 387 5686 L
496 5636 546 5686 353
565 5637 644 5686 redire
663 5634 737 5694 P¹B¹‚
758 5636 844 5684 redere
865 5635 892 5682 Μ
