4536 6196
810 310 902 368 VITA
921 312 950 370 S.
971 313 1134 370 MARTlNl
1153 313 1224 370 LIB.
1244 315 1294 371 lll.

569 503 789 585 ecclesiaeque
812 511 924 588 typum
948 523 1081 588 campus
1104 504 1289 587 generosior
1311 504 1437 588 explet,

569 607 718 689 quodque
741 606 823 671 solet
846 607 939 672 tectis
961 607 1062 691 pratis
1085 607 1257 674 adhibetur
1278 607 1411 692 apertis.

568 709 664 776 unica
687 727 770 774 mors
794 709 886 793 pueri
909 708 955 774 sic
978 710 1064 774 vitae
1086 711 1222 794 parturit
1243 729 1376 793 agmen,

569 812 709 893 dumque
733 830 814 896 unus
837 819 941 877 terrae
962 811 1075 892 rediit,
1102 813 1195 896 plebs
1217 823 1305 878 astra
1326 813 1464 897 recepit:

570 915 629 980 sub
653 913 734 980 duce
757 914 894 979 Martino
917 915 996 979 felix
1019 916 1179 980 exercitus
1201 916 1260 981 hic.
1276 922 1336 980 est.

655 1017 741 1082 Dum
765 1024 892 1099 regeret
914 1017 1063 1102 princeps
1087 1019 1163 1083 data
1185 1019 1255 1084 iura
1279 1018 1543 1099 Valentinianus,

570 1120 735 1186 Romuleis
758 1120 872 1204 opibus
895 1120 1014 1185 mundo
1037 1120 1215 1186 famulante
1239 1121 1414 1205 superbus,

570 1232 637 1291 turn
661 1223 716 1309 pia
738 1243 838 1288 causa
861 1242 986 1288 sacrum
1010 1224 1193 1288 comitatum
1217 1225 1370 1308 compulit
1393 1224 1458 1302 ire,

569 1347 682 1410 quem,
709 1327 784 1408 quia
808 1327 990 1410 praesensit
1014 1344 1048 1389 se
1071 1327 1160 1410 posci
1183 1326 1262 1391 talia
1285 1327 1405 1392 Caesar

570 1451 654 1513 quae
678 1431 778 1496 nollet
801 1437 985 1513 praestare,
1012 1429 1115 1493 virum
1138 1429 1227 1495 iubet
1249 1450 1323 1495 arce
1347 1431 1461 1515 repelli

571 1541 603 1599 et
624 1538 712 1599 vetat
734 1553 754 1597 a
778 1531 899 1598 foribus
922 1540 1091 1618 penetrare
1114 1534 1238 1617 palatia
1261 1534 1393 1599 iustum.

570 1637 670 1702 instat
693 1635 736 1701 ad
759 1634 839 1700 haec
862 1655 959 1717 uxor,
987 1635 1038 1700 eui
1060 1643 1135 1701 tunc
1160 1643 1228 1700 erat
1251 1636 1363 1701 Arrius
1385 1645 1504 1703 auctor.

571 1739 630 1805 sed
653 1757 744 1804 sacer
766 1746 801 1802 ut
823 1737 904 1802 vidit
926 1736 984 1801 tali
1007 1757 1042 1803 se
1066 1737 1180 1803 fraude
1203 1739 1334 1823 repelli,

571 1843 645 1908 hinc
667 1842 744 1907 aula
767 1842 920 1907 exclusus
944 1840 1029 1906 redit
1050 1861 1140 1906 arma
1163 1842 1338 1908 domestica
1361 1863 1509 1925 sumens,

572 1946 751 2029 contegitur
773 1944 871 2009 saetis
894 1944 1093 2028 respergitur
1115 1951 1212 2026 atque
1236 1945 1375 2024 favillis,

572 2049 682 2114 ordine
705 2048 798 2112 miles
820 2067 922 2130 agens
946 2055 1089 2112 removet
1111 2055 1285 2132 potumque
1308 2049 1493 2132 cibumque.

572 2160 665 2218 nocte
688 2151 805 2234 dieque
828 2170 947 2216 vacans
971 2149 1084 2215 orandi
1107 2150 1226 2233 iugiter
1247 2171 1319 2216 usu.

573 2254 727 2339 septimus
751 2273 827 2336 ergo
850 2253 920 2319 dies
943 2252 1072 2328 aderat,
1099 2273 1161 2334 quo
1184 2259 1314 2318 sanctus
1338 2274 1446 2319 amore

572 2357 668 2423 fortia
691 2364 797 2423 castra
819 2376 951 2421 movens
975 2355 1024 2420 lris
1048 2355 1229 2421 desudabat
1251 2356 1284 2420 in
1308 2358 1419 2422 armis:

573 2481 635 2545 quo
658 2460 796 2543 angelus
819 2459 982 2525 adsistens
1005 2459 1094 2523 iubet
1115 2459 1162 2524 ire
1185 2459 1307 2543 palatia
1329 2460 1460 2525 iustum.

573 2563 674 2630 fretus
696 2563 729 2628 in
752 2563 873 2628 auxilio
896 2560 1053 2627 Martinus
1076 2561 1182 2646 pergit
1204 2562 1247 2626 ad
1270 2582 1387 2628 arcem.

573 2667 683 2732 limina
706 2667 815 2730 nullus
838 2666 939 2731 obest.
986 2664 1029 2729 ad
1052 2665 1205 2749 principis
1229 2685 1284 2730 ora
1307 2665 1473 2749 perintrat.

572 2770 628 2854 qui
651 2775 797 2834 sanctum
820 2768 1013 2852 inspiciens,
1040 2767 1126 2850 quod
1148 2767 1279 2833 adesset
1302 2768 1444 2836 frenduit
1466 2791 1518 2836 ore

572 2881 669 2956 atque
693 2871 843 2936 adstante
867 2871 920 2955 pio
944 2871 1024 2936 solio
1047 2891 1151 2953 neque
1175 2871 1279 2953 surgit
1301 2872 1341 2936 ab
1365 2873 1441 2938 alto.

574 2975 717 3060 regalem
741 2975 855 3040 sellam
879 2993 952 3038 mox
975 2974 1106 3057 ignibus
1129 2973 1224 3039 ardor
1247 2975 1375 3040 oberrat

574 3087 607 3144 et
628 3098 714 3161 vaga
735 3077 866 3142 flamma
887 3083 979 3143 natat
1001 3097 1064 3158 qua
1088 3077 1184 3141 molle
1208 3077 1311 3142 sedile
1334 3086 1495 3157 coruscat,

574 3180 716 3265 undique
739 3180 813 3246 lusa
835 3180 963 3260 furens,
990 3178 1050 3245 aed
1072 3181 1186 3264 eulpae
1210 3181 1360 3246 Caesaris
1383 3183 1497 3264 ultrix,

525 3337 529 3342 .
575 3285 707 3352 cervicis
730 3284 831 3349 durae
854 3284 983 3349 solvens
1005 3283 1119 3348 ardore
1142 3285 1291 3366 rigorem.

573 3389 649 3454 inde
671 3387 804 3471 flagella
826 3395 955 3464 cocunt,
983 3387 1057 3451 binc
1080 3407 1189 3470 regern
1212 3387 1362 3453 incendia
1384 3389 1537 3472 caedunt,

574 3492 708 3577 vapulat
730 3497 762 3556 et
785 3490 907 3574 rapidis
929 3489 1066 3555 flammis
1088 3497 1227 3574 augusta
1250 3499 1404 3574 potestas.

574 3597 649 3662 hino
671 3595 758 3661 celer
779 3593 894 3659 exiluit
915 3594 1044 3678 rapiens
1067 3612 1101 3659 se
1124 3595 1245 3660 Caesar
1268 3602 1300 3660 et
1320 3595 1454 3678 ardens,

473 3715 521 3758 nos
575 3697 703 3764 ltlartini
725 3717 834 3780 genua
857 3697 1055 3781 amplectens
1077 3697 1277 3782 pedibusque
1299 3699 1459 3764 volutans.

172 3851 176 3860 “
238 3863 341 3906 cunctos
366 3858 474 3919 inposita
499 3857 624 3904 universis
648 3869 725 3904 manu
750 3853 940 3902 catechumenos
962 3854 1158 3915 (cathecuminos
1174 3855 1196 3901 V
1211 3859 1239 3902 at
1258 3855 1286 3914 i.)
1309 3855 1383 3916 iecit,
1411 3871 1466 3904 eum
1491 3858 1592 3919 quidem
1618 3859 1647 3905 ad
1671 3873 1716 3907 uos
1735 3874 1870 3909 conuersus

236 3943 340 4004 diceret,
364 3958 411 3991 uon
432 3942 642 3994 inrationabiliter
660 3943 687 3989 in
706 3954 792 4001 eampo
811 3940 1004 3988 catechumenos
1023 3941 1085 4000 lieri,
1108 3941 1153 3986 ubl
1172 3941 1281 3988 solerent
1299 3946 1420 3999 martyres
1440 3945 1584 3992 consecrari.

308 4031 331 4088 0,
355 4031 370 4078 b
392 4030 428 4077 Eo
451 4031 503 4078 iere
528 4035 653 4090 tempora,
678 4040 728 4088 quo
753 4028 860 4088 primunr
882 4027 1015 4087 episcopua
1035 4024 1108 4073 datus
1127 4032 1180 4084 est,
1208 4027 1256 4074 tuit
1275 4027 1299 4072 el
1319 4027 1456 4075 necessitas
1474 4028 1542 4076 adire
1560 4031 1713 4078 comitatum.
1754 4032 1868 4081 Valenti·

237 4117 328 4163 alanus
353 4122 408 4163 tum
433 4117 508 4163 maior
533 4129 616 4163 rerum
642 4113 788 4175 potiebatur
813 4113 840 4174 (r.
862 4126 886 4174 p.
909 4112 937 4173 F,
966 4125 985 4159 r.
1008 4125 1104 4159 summa
1122 4125 1146 4172 p.
1168 4113 1206 4170 rt,
1232 4126 1253 4160 r.
1274 4114 1385 4160 omnium
1404 4128 1429 4175 p.
1451 4115 1599 4174 imperiuest
1616 4118 1650 4162 aie
1669 4117 1709 4177 Vi.
1748 4117 1790 4165 hic
1813 4132 1870 4165 cum

237 4201 374 4249 Martinum
393 4215 421 4248 ea
439 4209 525 4262 petere
544 4201 709 4260 cognovisset,
731 4211 794 4260 quae
814 4205 939 4260 praestare
958 4197 1067 4254 nolebat,
1088 4198 1164 4244 iussit
1183 4211 1240 4245 eum
1259 4198 1349 4259 palatii
1368 4199 1463 4247 foribus
1481 4201 1572 4250 arceri:
1595 4203 1689 4248 etenim
1708 4204 1738 4250 ad
1758 4205 1869 4252 animum

238 4287 309 4334 illius
329 4289 444 4334 inmitem
463 4301 490 4335 ac
508 4287 645 4347 superbum
664 4299 728 4334 uror
746 4290 883 4332 accesserat
901 4285 1012 4344 drrlaua,
1035 4297 1099 4344 quae
1117 4289 1199 4332 totum
1218 4283 1291 4330 illum
1310 4298 1324 4330 a
1342 4291 1428 4334 sancto
1447 4287 1508 4345 viro,
1530 4300 1561 4334 ne
1580 4287 1603 4336 ei
1624 4287 1733 4336 debltam
1752 4303 1869 4338 reveren·

237 4374 298 4420 tlam
317 4378 462 4434 praestaret,
485 4377 618 4420 averterat.
660 4372 694 4433 (6)
714 4373 800 4432 itaque
813 4371 946 4431 Martinus,
967 4371 1011 4417 ubi
1030 4370 1108 4418 semel
1126 4377 1201 4432 atque
1219 4371 1311 4418 iterum
1330 4372 1464 4432 superbum
1484 4373 1622 4435 principem
1641 4373 1707 4421 adire
1727 4378 1867 4437 temptavit,

237 4460 342 4507 recurrit
361 4459 391 4506 ad
410 4464 467 4507 nota
484 4458 622 4520 praesidia:
652 4459 729 4506 cilicio
748 4458 903 4516 obvolvitur,
931 4458 1014 4504 cinare
1035 4456 1219 4516 conspergitur,
1247 4456 1301 4502 cibo
1320 4463 1431 4517 potuque
1450 4458 1574 4517 abstinet,
1599 4460 1735 4508 orationem
1755 4462 1869 4510 noctibus

237 4545 378 4606 diebusque
397 4549 537 4606 perpetuat.
579 4545 612 4605 (7)
636 4546 741 4605 septimo
760 4543 801 4590 dia
820 4544 921 4591 adsistit
943 4541 1051 4602 (adstitit
1070 4542 1127 4599 AF)
1150 4543 1174 4590 ei
1193 4542 1309 4602 augelus:
1331 4543 1403 4590 iubet
1422 4557 1479 4591 eum
1498 4544 1529 4592 ad
1546 4545 1668 4606 palatium
1688 4548 1723 4596 ire
1742 4561 1867 4608 secumm,

237 4633 317 4690 regias
342 4632 407 4678 iores
432 4630 572 4691 quamlibet
596 4629 693 4678 clausas
718 4637 805 4690 sponte
837 4630 995 4688 reserandas,
1028 4630 1182 4689 imperatoria
1208 4629 1325 4690 spiritum
1350 4630 1488 4690 superbum
1512 4630 1682 4679 molliendum.
1733 4635 1764 4692 (8)
1793 4635 1871 4694 igitur

237 4716 382 4764 istiusmodi
400 4718 540 4778 praesentis
559 4717 642 4775 augeli
661 4717 822 4764 confirmatos
839 4716 955 4777 adloquio
974 4721 1000 4762 et
1019 4715 1098 4762 fretus
1117 4715 1211 4762 auxilio
1230 4715 1354 4776 palatium
1371 4716 1445 4775 petit.
1484 4721 1570 4778 patant
1594 4717 1694 4776 limina,
1723 4719 1807 4768 nullus
1826 4721 1870 4767 ob-

237 4804 318 4851 sistit:
347 4808 471 4864 postremo
490 4816 572 4864 usque
589 4802 619 4850 ad
637 4816 720 4861 regem
739 4804 841 4850 nemine
859 4801 1010 4863 prohibente
1028 4799 1154 4862 pervenit.
1192 4801 1236 4861 qul
1255 4814 1311 4848 cum
1330 4801 1474 4848 seuientem
1492 4802 1591 4849 eminus
1613 4802 1725 4861 videret,
1751 4804 1870 4853 trendens

242 4887 398 4946 [infrendens
417 4888 472 4948 AF}
494 4901 537 4935 cnr
555 4889 645 4935 fuisset
664 4888 803 4948 admissus,
825 4901 983 4949 nequaquam
1001 4888 1134 4946 adsurgere
1153 4891 1192 4934 est
1210 4885 1328 4946 dignatus
1348 4886 1470 4946 adstanti,
1491 4886 1569 4935 donec
1587 4890 1680 4948 regiam
1699 4889 1785 4938 sellam
1804 4892 1870 4950 ignis

238 4975 347 5036 operiret
371 4976 506 5036 ipsumque
531 4987 614 5034 regam
639 4987 668 5021 es
692 4978 762 5036 parte
787 4975 907 5035 corporis,
935 4987 984 5034 qna
1001 4973 1117 5034 sedebat,
1142 4972 1246 5020 adderet
1264 4971 1417 5020 incendium.
1460 4974 1491 5033 (91
1513 4972 1581 5021 itae
1600 4975 1663 5023 solio
1683 4988 1727 5022 suo
1746 4978 1870 5040 superbus

308 5180 358 5229 205
378 5176 468 5246 pratia]
486 5195 588 5242 passas
608 5179 638 5226 P¹
754 5179 882 5227 adhibitur
900 5177 958 5236 lidi,
979 5179 1114 5228 adhibetur
1133 5177 1167 5226 13¹
1283 5177 1333 5228 209
1351 5191 1378 5226 vr
1396 5178 1471 5226 PNM
1575 5193 1654 5228 sanus
1672 5195 1869 5231 vaururramur

238 5281 370 5316 arcessas
390 5265 413 5314 N
516 5264 563 5314 211
585 5261 661 5331 com.]
680 5265 710 5312 ad
729 5278 792 5313 com.
812 5264 942 5313 Broweroa
961 5263 1004 5324 (cs.
1020 5265 1078 5326 223)
1186 5265 1300 5326 conpulit
1318 5265 1337 5314 S
1441 5264 1490 5314 212
1509 5267 1578 5328 posci
1597 5262 1698 5333 PB²L‘²]
1715 5269 1796 5330 poscit
1814 5269 1868 5317 reti.

238 5351 494 5402 214—2160miaaoa
514 5355 602 5400 incra
621 5351 706 5412 infimo
724 5351 821 5410 supplet
842 5351 940 5399 lm.S
1057 5349 1348 5399 215arrlusaieeodd.
1456 5357 1527 5400 antor
1546 5350 1598 5397 Nl!
1712 5352 1762 5402 216
1780 5352 1874 5400 ωη.Μ

239 5439 289 5489 219
308 5437 449 5487 milisldS¹
554 5437 604 5486 220
622 5435 727 5486 uisui*
832 5433 881 5483 222
900 5432 953 5502 his]
971 5436 1065 5499 quoP¹
1171 5435 1220 5486 223
1240 5451 1287 5498 quo
1305 5450 1353 5486 om.
1371 5435 1394 5482 P
1479 5436 1656 5485 adaesteuslt'¹
1761 5437 1810 5487 225
1830 5439 1871 5487 lu·

240 5527 308 5573 mine
328 5523 368 5573 ΡΒ
490 5525 584 5572 mullus
605 5523 628 5570 N
749 5519 799 5569 220
817 5518 928 5588 adesset]
946 5523 1016 5570 adest
1035 5531 1061 5570 et
1082 5522 1128 5572 MS
1249 5521 1297 5570 227
1317 5529 1416 5570 astante
1435 5521 1466 5570 Pl
1589 5521 1639 5571 230
1658 5521 1713 5590 sed]
1732 5524 1791 5582 sort.
1812 5531 1838 5573 et

240 5613 326 5660 ultrex
348 5610 395 5658 ΡΝ
499 5609 548 5660 232
567 5615 658 5660 cocunt
677 5601 769 5672 Pom]
787 5613 897 5667 coquunt
916 5608 968 5668 BL,
989 5610 1118 5670 coguntS
1222 5608 1271 5657 233
1291 5609 1387 5671 rapitus
1409 5605 1439 5654 1³¹
1544 5606 1593 5657 234
1612 5610 1695 5657 exiliit
1712 5609 1735 5656 Β

317 5709 445 5752 Vraarrrvs
459 5709 606 5751 Prsarrrrrvs
1631 5711 1663 5760 43
