4344 6142
824 395 827 402 ¹
934 327 1162 384 rnoonnrvn.
1768 323 1862 388 xxv

232 570 309 616 vero
330 550 506 616 Fortunato
535 531 659 617 homini
679 551 761 617 Italo
789 559 823 617 et
848 551 882 617 in
909 552 1071 619 rhetorum
1101 552 1186 618 ludis
1212 552 1357 619 instituto
1386 552 1544 638 imputare
1575 548 1683 616 decuit
1703 547 1860 632 quidquid

231 670 502 738 barbarismorum
525 671 674 737 monachi
697 671 855 756 sequioris
877 672 950 738 aevi
972 673 1131 758 poematis
1153 674 1224 740 eius
1245 673 1491 759 inspersisscnt3
1517 671 1578 738 hoc
1599 677 1635 737 ut
1652 669 1796 736 wlacerem
1817 689 1859 734 nc

233 811 271 857 eo
293 790 424 874 quidem
446 790 556 857 induci
578 791 668 877 potui
690 791 775 876 quod
797 791 831 858 in
854 793 953 859 initiis
977 794 1178 879 stropharum
1200 792 1403 880 alphabetico
1420 791 1531 860 ordino
1546 790 1774 876 dispositarum
1790 789 1859 854 sive

231 912 264 976 in
286 911 468 979 artificiosis
490 913 665 978 carminum
688 912 916 997 quadratorum
937 913 1069 1000 ineptiis
1091 915 1162 980 sine
1185 915 1283 981 dubio
1305 914 1436 980 admisit
1457 913 1547 980 talia:
1576 922 1661 975 ortua
1676 931 1785 994 prauus
1798 932 1860 993 pu-

230 1035 382 1116 rcdpsaua
406 1036 544 1111 cristas,
577 1033 750 1118 impeditus
781 1034 905 1101 scilicet
925 1034 1168 1102 difficultatibus
1190 1035 1306 1119 quibus
1329 1033 1520 1121 superandis
1542 1039 1740 1117 quantopere
1762 1029 1860 1096 desu-

231 1152 357 1220 daverit
379 1153 450 1238 ipse
472 1153 609 1220 verbose
631 1154 763 1240 exponit
789 1155 837 1238 (V,
864 1156 893 1239 6)
928 1155 1108 1240 quibusque
1137 1163 1266 1223 coactus
1295 1156 1392 1240 plane
1421 1155 1537 1220 insana
1560 1153 1622 1219 sibi
1643 1151 1778 1217 indulsit
1803 1149 1855 1234 (cf.

231 1274 274 1340 ad
296 1274 334 1356 V,
361 1277 380 1337 6
404 1293 500 1340 carm.
530 1277 594 1358 17).
643 1294 720 1359 ergo
748 1295 852 1358 neque
884 1276 1053 1342 verborum
1083 1277 1202 1342 formas
1224 1296 1382 1359 nusquam
1405 1276 1468 1342 nisi
1490 1276 1524 1340 in
1546 1272 1709 1340 codicibus
1732 1277 1789 1337 ant
1809 1270 1861 1335 in-

232 1392 377 1459 eruditae
403 1394 508 1479 plebis
531 1394 633 1461 titulis
656 1401 804 1461 extantes
826 1395 943 1462 admisi
965 1405 999 1462 et
1020 1417 1060 1463 ne
1083 1418 1202 1481 graeca
1224 1397 1353 1482 quidem
1376 1397 1525 1463 mutilata
1546 1401 1579 1461 et
1600 1393 1779 1459 deformata
1801 1411 1859 1456 cx-

229 1514 320 1580 hibui
348 1535 413 1580 non
440 1535 460 1580 a
488 1522 585 1600 poeta
614 1501 752 1601 utputo
783 1516 937 1583 deficiens
965 1515 1024 1583 sed
1052 1538 1073 1582 a
1102 1517 1251 1583 librariis.
1299 1524 1408 1584 tamen
1435 1517 1471 1582 in
1497 1516 1628 1582 vocibus
1651 1511 1855 1598 quibusdam,

228 1634 365 1720 propriis
387 1635 575 1720 pracsertim
599 1636 790 1720 nominibus,
817 1637 858 1703 de
880 1659 1013 1723 quorum
1037 1639 1194 1724 scriptura
1216 1639 1403 1721 ambiguum
1425 1636 1577 1702 iudicium
1595 1641 1674 1718 erat,
1699 1634 1858 1714 inaequa-

227 1755 303 1822 litas
325 1757 484 1840 quaedam
508 1756 604 1823 vitari
626 1777 690 1822 non
712 1757 830 1841 potuit,
865 1765 901 1825 ut
926 1778 1007 1841 quas
1035 1759 1172 1843 singulis
1200 1760 1281 1825 locis
1308 1757 1351 1824 ad
1381 1758 1571 1842 optimorum
1594 1753 1738 1821 codicum
1760 1753 1856 1820 fidem

228 1875 372 1943 exhiberi
394 1895 528 1943 necesse
550 1885 646 1944 esset.
695 1884 835 1943 ceterum
858 1878 1013 1963 quidquid
1035 1879 1069 1943 in
1091 1899 1125 1945 re
1155 1879 1401 1964 orthographica
1422 1883 1548 1964 praeter
1569 1895 1713 1942 normam
1736 1873 1857 1940 admis-

228 2018 299 2064 sum
328 2017 400 2065 csse
431 1997 578 2064 intellexi
605 1998 641 2064 in
669 1997 775 2064 indice
798 1999 1006 2083 grammatico
1032 1999 1213 2066 emendavi.
1246 2039 1289 2048 -
1318 1999 1440 2067 codicis
1462 2004 1489 2061 D
1512 1993 1770 2081 orthographiam
1793 2014 1857 2060 non

225 2119 383 2205 excerpsi.

310 2241 349 2305 ln
371 2241 540 2306 verborum
562 2239 699 2307 flexione
723 2238 1017 2324 sententiarumque
1040 2241 1274 2308 constructione
1296 2241 1456 2327 permulta
1473 2237 1606 2306 admisit
1618 2238 1812 2304 Fortunatus
1834 2258 1855 2303 a

223 2367 354 2446 recepta
375 2367 519 2427 veterum
542 2361 731 2446 scriptorum
754 2361 913 2428 latinitate
935 2362 978 2426 ad
1002 2363 1169 2446 vulgarem
1190 2382 1285 2428 nsum
1308 2361 1444 2427 deflexa.
1485 2380 1568 2444 quae
1583 2357 1757 2424 maximam
1780 2378 1855 2443 par-

223 2487 287 2546 tem
310 2481 344 2545 in
366 2481 427 2546 hac
450 2481 592 2548 editione
615 2481 743 2548 demum
766 2501 784 2548 e
808 2481 971 2549 codicibus
993 2483 1141 2549 restituta
1163 2483 1265 2566 leges.
1312 2482 1364 2548 hic
1393 2502 1434 2547 ne
1463 2498 1615 2547 recensus
1637 2477 1751 2545 talium
1774 2477 1853 2543 mihi

223 2600 350 2666 dandus
372 2609 460 2668 esset
480 2601 586 2667 indice
608 2602 816 2686 grammatico
839 2603 996 2670 consului.

309 2720 579 2804 Quandoquidem
601 2721 644 2787 ad
666 2722 865 2787 recensenda
887 2729 1036 2808 poemata
1057 2723 1137 2788 nihil
1161 2724 1249 2790 valet
1270 2723 1332 2790 nisi
1354 2722 1449 2789 lectio
1463 2721 1640 2806 antiquitus
1654 2719 1784 2801 tradita,
1810 2718 1853 2783 ad

222 2841 426 2909 emendanda
455 2842 535 2908 nihil
563 2842 627 2907 nisi
649 2843 831 2909 coniectura
853 2841 972 2908 iudicio
994 2844 1148 2928 probata,
1182 2844 1310 2910 omnino
1332 2844 1459 2910 silentio
1480 2842 1583 2928 pressi
1605 2837 1761 2925 quidquid
1783 2839 1853 2904 edi-

223 2968 307 3028 tores
330 2969 363 3029 et
379 2961 568 3049 praesertim
585 2962 735 3029 Solanius
750 2983 789 3029 ac
803 2963 975 3030 Browcrus
997 2971 1117 3032 temere
1139 2965 1424 3051 interpolaverunt.
1465 2982 1564 3047 quare
1578 2962 1744 3044 vulgatam
1759 2959 1849 3025 illam

222 3083 402 3166 lectionem,
428 3103 511 3167 quae
533 3084 702 3149 Fortunati
723 3103 836 3150 versus
858 3084 1002 3170 precario
1022 3085 1195 3169 insidebat,
1221 3086 1286 3151 iam
1309 3105 1351 3150 nc
1372 3085 1406 3149 in
1428 3083 1583 3150 inferiore
1604 3081 1735 3167 quidem
1757 3081 1852 3166 pagi-
1880 3103 1883 3112 ¹

222 3224 335 3270 namm
358 3204 490 3288 regione
513 3224 660 3290 quaeras.
709 3204 802 3270 attuli
829 3210 862 3270 et
882 3205 982 3290 proba
1003 3205 1135 3272 inventa
1157 3212 1189 3272 ct
1210 3226 1344 3291 quorum
1367 3206 1409 3271 ad
1432 3203 1687 3271 emendationem
1709 3202 1851 3285 aliquem

221 3343 315 3390 usum
338 3343 411 3390 esse
433 3324 679 3392 intellexissem.
719 3331 861 3392 ceterum
884 3326 1039 3392 videbunt
1060 3326 1178 3392 oculati
1199 3327 1345 3392 homines
1367 3325 1448 3391 nihil
1471 3345 1522 3390 me
1544 3323 1631 3407 quod
1652 3343 1715 3389 non
1737 3320 1780 3387 ad
1797 3322 1849 3387 iu-

221 3443 342 3511 dicium
365 3465 512 3514 severum
534 3445 753 3530 rationemque
776 3453 923 3512 exactum
946 3453 1034 3514 esset
1054 3447 1090 3513 in
1112 3447 1280 3514 verborum
1303 3447 1447 3513 ordinem
1470 3445 1649 3532 recepisse,
1682 3443 1850 3527 reliquisse

223 3565 398 3631 Fortunato
420 3572 477 3632 aut
497 3565 677 3632 reddidisse
700 3567 860 3652 permulta
881 3587 982 3650 quae,
1015 3568 1079 3634 nisi
1108 3568 1180 3652 quis
1202 3568 1331 3654 penitus
1353 3567 1443 3633 illius
1464 3568 1619 3634 rationem
1642 3564 1795 3649 loquendi
1818 3571 1851 3631 et

221 3684 364 3750 audendi
387 3685 517 3751 modum
540 3686 674 3753 edoctus
697 3687 753 3771 sit,
783 3687 879 3754 facile
901 3687 935 3753 in
957 3696 1175 3775 corruptorum
1198 3709 1329 3756 numero
1351 3689 1541 3755 habeantur.
1589 3687 1616 3753 si
1639 3707 1722 3771 quae
1744 3705 1848 3770 neque

220 3807 452 3890 Mommsenus‚
487 3806 579 3873 cuius
607 3806 728 3874 iudicio
757 3827 840 3874 unus
870 3809 944 3874 novi
971 3817 1169 3896 quantopere
1191 3811 1320 3878 adiutus
1342 3810 1418 3892 sim,
1452 3829 1557 3893 neque
1585 3829 1646 3892 ego
1675 3806 1848 3874 emendare

218 3925 388 4010 sciremus,
423 3928 637 3995 coniecturam
668 3935 725 3995 aut
749 3934 891 3995 veterem
921 3938 977 3998 aut
1003 3951 1120 3997 novam
1149 3932 1300 4018 proposui
1329 3951 1412 4015 quac
1441 3930 1484 3997 ad
1514 3931 1680 3997 veritatem
1703 3927 1846 4014 proxime

217 4047 370 4114 accedere
394 4047 567 4116 videretur.

301 4168 437 4235 Brevem
468 4169 628 4236 interdum
656 4169 902 4255 explicationem
929 4171 1034 4237 adieci
1056 4173 1136 4238 locis
1159 4173 1213 4257 qui
1235 4193 1276 4240 ne
1298 4193 1361 4239 non
1384 4179 1470 4240 recte
1491 4172 1756 4256 intellegerentur
1776 4170 1846 4235 iure

211 4289 391 4380 yerendum
415 4297 511 4358 esset.
559 4290 661 4357 multa
682 4290 726 4357 ad
746 4291 1039 4378 interpretationem
1062 4293 1154 4360 utilia
1176 4294 1209 4358 in
1231 4293 1348 4377 indice,
1374 4314 1469 4378 quem
1492 4292 1533 4359 de
1555 4293 1651 4358 rebus
1673 4290 1716 4357 ad
1738 4311 1846 4374 gram-

90 4399 92 4404 ’
217 4410 365 4476 maticam
388 4419 421 4477 et
444 4412 657 4478 elocutionem
679 4412 911 4497 pertinentibus
932 4415 1105 4498 composui,
1131 4414 1268 4480 inveniri
1291 4420 1449 4500 poterunt.
1490 4434 1591 4498 aquo
1606 4411 1844 4496 segregandum

215 4527 292 4594 duxi
321 4531 367 4596 rei
398 4531 549 4598 metricae
576 4532 734 4616 indicem,
776 4533 915 4616 denique
943 4535 1083 4600 locorum
1112 4557 1133 4600 a
1160 4543 1258 4621 poeta
1287 4536 1466 4603 adlaturum
1496 4536 1689 4618 catalogum.
1746 4531 1845 4597 index

212 4649 383 4718 historicus
412 4658 445 4718 et
472 4653 723 4740 topographicus
752 4652 795 4718 ad
826 4661 993 4740 utramque
1023 4656 1118 4724 huius
1147 4657 1319 4724 voluminis
1345 4664 1468 4743 partem
1490 4655 1653 4742 pertinens
1675 4653 1843 4740 posteriori

214 4771 297 4854 parti
318 4771 504 4838 subicietur.

300 4925 430 4993 Bonnae
451 4927 501 4993 ld.
527 4928 598 4992 Ian.

1416 5118 1623 5198 lutericus
1654 5117 1735 5198 leo.
