4536 6196
815 325 909 380 vl'lA
928 327 956 381 S.
977 325 1138 384 MARTINI
1158 326 1229 380 LlB.
1249 325 1300 382 111.

577 536 597 578 a
620 523 712 599 putre
736 523 771 581 ut
793 517 908 582 eredas
930 516 1084 582 animalia
1107 517 1240 601 pulvere
1263 537 1357 581 nexa.

577 637 737 702 agnovere
760 620 820 684 viri
843 640 878 685 se
902 621 1042 685 numinis
1064 627 1133 685 arte
1156 621 1269 686 teneri.

577 730 747 790 aecurrunt
768 724 907 806 celeres,
932 723 1097 807 inquirunt
1118 744 1234 789 nomen
1257 725 1379 806 euntis,

576 826 747 892 Martinam
769 826 937 892 inveniunt
959 848 980 891 a
1002 846 1037 892 se
1060 826 1233 894 crudeliter
1255 835 1372 893 actum.

497 953 523 990 a
577 929 716 1012 confusi,
743 928 874 1014 flentes,
901 929 1082 996 rubricante
1104 929 1227 1015 pudore
1250 931 1362 996 reclini

576 1039 651 1099 ante
674 1033 775 1118 pedes
798 1033 901 1099 sancti
924 1040 1107 1100 sternuntur
1129 1040 1162 1100 ct
1183 1055 1237 1100 ore
1259 1042 1446 1119 precantur,

576 1144 611 1203 ut
634 1138 760 1203 veniam
784 1138 881 1204 errori
903 1138 1040 1220 tribuat,
1067 1139 1151 1203 sinat
1173 1138 1220 1203 ire
1243 1137 1374 1221 ligatos.

577 1260 656 1322 quos
679 1248 787 1307 amen
810 1248 884 1308 ante
908 1261 1001 1306 sacer
1022 1240 1230 1324 praedixerat
1253 1262 1326 1308 esse
1347 1249 1500 1309 retentos.

576 1364 643 1409 rem
666 1344 795 1429 probat,
824 1345 914 1410 ulcus
936 1352 1040 1426 amat,
1067 1345 1193 1410 veniam
1218 1344 1288 1426 dat,
1315 1346 1404 1411 abire
1428 1354 1565 1432 perorat.

493 1473 504 1508 r.
576 1468 656 1531 quos
679 1448 781 1514 virtus
804 1448 920 1529 vinxit,
948 1448 1053 1533 pietas
1076 1448 1199 1514 mollita
1221 1449 1365 1515 resolvit.

577 1571 632 1617 ore
655 1551 809 1636 pependit
829 1552 908 1616 iter:
935 1552 1033 1616 verba
1055 1559 1176 1632 artant,
1200 1553 1304 1618 verba
1326 1554 1488 1636 relaxant,

576 1663 607 1720 et
630 1655 708 1739 iuga
730 1655 821 1720 frena
843 1662 928 1720 rotas
951 1655 1057 1721 mulas
1080 1656 1195 1738 auriga
1218 1657 1349 1742 recepit.

663 1759 813 1824 Carnutis
834 1759 910 1823 hinc
932 1759 1028 1823 etiam
1052 1759 1128 1824 dum
1151 1761 1383 1844 praetereundo
1406 1762 1547 1838 veniret,

577 1863 705 1928 ethnica
727 1883 785 1948 per
807 1882 937 1946 campos
960 1863 1081 1946 passim
1103 1862 1199 1928 obvia
1221 1864 1315 1929 turba
1336 1862 1473 1944 fluebat,
1589 1933 1613 1962 δ’

511 1990 523 2028 c
577 1967 683 2033 exeita
704 1987 812 2032 amore
835 1966 934 2046 sacri,
962 1967 1038 2032 licet
1060 1973 1092 2032 et
1114 1987 1177 2031 non
1200 1968 1345 2034 crederet
1365 1969 1447 2053 ipsi,
1546 1973 1550 1982 ’

576 2070 619 2136 ad
642 2072 809 2157 speculare
832 2091 948 2136 novum
973 2090 1163 2136 concurrens
1187 2070 1328 2154 undique
1351 2073 1440 2153 visu,

576 2195 648 2240 oum
671 2176 807 2241 necdum
830 2174 880 2239 his
903 2173 1024 2239 Christi
1047 2174 1188 2240 radiaret
1209 2174 1328 2241 honore
1351 2175 1517 2242 character

575 2298 635 2343 nec
658 2299 750 2344 sacra
771 2277 938 2361 verbigeni
960 2276 1074 2343 flueret
1096 2297 1192 2363 super
1214 2279 1304 2344 unda
1327 2280 1493 2345 Tonantis.

575 2389 608 2448 at
629 2382 785 2447 Martinus
808 2401 925 2462 ovans,
952 2379 1079 2446 domino
1103 2389 1266 2448 reserante
1288 2382 1463 2467 profunda,

498 2511 503 2547 r
575 2486 676 2551 sensit
698 2485 814 2551 adesse
837 2485 940 2550 locum
963 2506 1025 2567 quo
1048 2485 1155 2551 fertile
1178 2495 1324 2570 surgeret
1346 2507 1470 2552 arvum.

574 2589 688 2674 incipit
708 2589 859 2672 alloquiis
882 2589 952 2653 iera
973 2595 1102 2674 pectora
1124 2589 1227 2655 cultor
1248 2610 1357 2655 arare:

574 2713 628 2758 ove
651 2713 743 2758 sacer
764 2692 864 2758 nitido
888 2692 1022 2757 dumosa
1044 2692 1174 2758 novalia
1196 2713 1356 2778 purgans,

574 2796 802 2881 proscindens,
827 2795 966 2877 iterans,
992 2795 1042 2861 bis
1064 2803 1175 2878 terque
1198 2805 1375 2880 quaterque
1398 2798 1563 2864 resulcans

574 2900 731 2985 paulatim
754 2899 796 2964 ad
819 2899 941 2965 fructus
965 2899 1109 2983 stupidos
1132 2899 1332 2966 animaverat
1354 2921 1470 2984 agros.¹

509 3028 521 3066 s
574 3004 649 3069 hino
670 3003 804 3069 rudibus
827 3003 956 3088 populis
980 3002 1099 3068 Christi
1122 3022 1205 3067 nova
1228 3004 1352 3070 semina
1373 3005 1488 3084 iactat;

575 3108 722 3172 sensibus
745 3107 894 3172 humanis
917 3106 1071 3171 lactantia
1093 3106 1240 3190 germina
1263 3115 1414 3192 surgunt,

574 3211 690 3276 leniter
712 3218 743 3276 et
765 3210 878 3295 rigidis
901 3209 1084 3275 coalescunt
1107 3210 1255 3292 gramina
1277 3212 1386 3277 sulcis.

574 3313 652 3397 quid
675 3314 795 3379 laceret
817 3319 946 3378 sanctus
969 3311 1070 3377 turbis
1093 3314 1282 3379 coeuntibus
1304 3315 1439 3400 amplis,

575 3436 680 3482 messe
703 3417 824 3482 iotam
848 3417 949 3481 multa
971 3415 1104 3480 veniens
1127 3417 1294 3500 operarius
1318 3423 1422 3483 unus‘?

475 3544 520 3582 iro
575 3520 692 3586 excolit
713 3520 850 3586 includit
872 3520 950 3586 serit
971 3519 1083 3585 inserit
1104 3520 1219 3604 alligat
1241 3522 1350 3587 ambit.

241 3735 284 3782 scd
305 3735 368 3782 nibil
388 3735 491 3795 penitus
510 3747 597 3780 saevae
617 3745 706 3780 manus
723 3732 843 3790 agebant:
870 3743 919 3777 uno
943 3735 1018 3790 atqua
1043 3731 1128 3778 eodem
1148 3733 1175 3778 in
1195 3731 1246 3778 loco
1265 3733 1365 3780 stabant
1383 3733 1433 3779 tlxa
1451 3733 1589 3782 simulacra.
1629 3737 1688 3796 quid
1707 3743 1809 3795 agerent
1827 3737 1868 3784 ln-

242 3821 328 3868 lalicas
346 3821 461 3868 tornines
479 3820 634 3878 nesciebant,
657 3831 703 3866 nec
722 3819 771 3865 iam
790 3817 857 3865 ultra
875 3816 1032 3864 dissimulare
1051 3821 1174 3878 poterant,
1196 3819 1260 3877 quin
1279 3819 1417 3878 quamlibet
1436 3819 1517 3867 brutis
1536 3821 1676 3881 pectoribus
1695 3829 1866 3882 agnoscerent,

240 3907 325 3954 divino
343 3907 447 3954 numine
466 3919 492 3952 se
511 3907 600 3954 teneri.
642 3905 675 3966 (8)
697 3903 799 3950 undem
818 3915 874 3964 ergo
893 3904 919 3950 in
939 3917 965 3950 se
983 3903 1088 3962 regressi
1108 3909 1243 3964 coeperunt
1262 3916 1388 3964 quaerere,
1410 3905 1466 3965 quis
1485 3906 1529 3953 ille
1547 3911 1623 3968 esset,
1645 3921 1719 3968 quam
1737 3908 1868 3956 incudem

241 3994 293 4040 loco
317 3999 375 4041 ante
397 3992 527 4054 paululum
553 3990 715 4049 cecidissent,
742 4004 798 4037 cum
823 3993 996 4050 percontantes
1020 3994 1172 4048 cognoscunt
1196 4003 1227 4036 er
1252 3991 1393 4049 viantibus,
1421 3989 1557 4040 Martinam
1581 4007 1595 4040 a
1620 4007 1646 4041 se
1665 3997 1715 4041 tam
1733 3995 1869 4042 crudeliter

242 4081 405 4127 verberatum.
444 4083 498 4125 turu
517 4091 575 4125 vero
593 4089 711 4138 apparere
730 4075 846 4123 omnibns
864 4089 938 4122 causa
956 4075 1103 4133 manifesta,
1131 4088 1177 4122 nec
1195 4077 1307 4135 ignorare
1326 4078 1376 4123 iam
1395 4083 1523 4137 poterant.
1545 4080 1607 4139 quin
1626 4080 1657 4127 ob
1675 4080 1745 4128 illius
1764 4081 1809 4128 rlri
1828 4081 1869 4128 ln-

242 4166 330 4213 iurlam
350 4171 506 4213 tenerentur.
547 4164 579 4224 19]
601 4164 679 4223 igitur
695 4176 781 4210 omnes
801 4162 893 4222 rapidis
912 4175 955 4209 rios
973 4163 1089 4222 passibus
1108 4169 1304 4223 covrsequuntur.
1343 4163 1434 4210 conscii
1454 4165 1512 4212 lacti
1532 4179 1559 4213 ac
1578 4166 1676 4228 meriti,
1697 4167 1790 4228 pudore
1808 4180 1869 4214 con-

241 4253 300 4314 lust,
321 4255 410 4300 flcrrtes
428 4257 454 4299 et
472 4251 583 4312 pulvere,
605 4263 654 4312 quo
673 4265 699 4298 se
717 4251 768 4312 ipsi
785 4249 953 4310 foedaverant,
974 4255 1050 4312 capnt
1068 4255 1143 4311 atque
1162 4264 1204 4299 ora
1222 4251 1357 4312 conspersi,
1378 4258 1436 4299 ante
1450 4251 1550 4299 bladini
1570 4265 1596 4299 se
1613 4265 1696 4311 genua
1707 4252 1867 4314 provolvunt,

241 4339 340 4386 veniam
364 4344 495 4400 precantes
517 4343 544 4388 et
567 4342 596 4384 ut
618 4350 659 4384 eos
684 4339 752 4384 abire
778 4337 873 4384 sineret
895 4337 1054 4397 postulantes
1073 4350 1094 4385 c.
1115 4353 1137 4397 q.
1158 4351 1178 4384 a.
1220 4338 1270 4398 (10)
1292 4343 1405 4385 senserat
1422 4338 1513 4397 etiam,
1535 4337 1682 4400 priusquam
1701 4345 1866 4400 occurrerent,

241 4427 279 4472 vir
297 4426 387 4472 beatus
405 4424 462 4472 illos
480 4425 572 4486 teneri,
592 4425 714 4484 nobisque
733 4423 757 4471 id
776 4431 834 4472 ante
853 4425 901 4470 iarn
920 4422 1031 4472 dixerat:
1054 4424 1153 4471 veniam
1172 4429 1256 4471 tamen
1275 4425 1413 4471 clementer
1430 4422 1539 4471 indulsit
1556 4424 1707 4486 eosdemque
1725 4425 1792 4473 abiro
1812 4439 1869 4485 pcr-

242 4513 318 4571 mislt,
340 4510 491 4557 animalibus
510 4511 644 4558 restitutis.

312 4604 336 4656 t,
358 4600 372 4643 4
394 4597 484 4644 Fuerat
501 4611 575 4645 causa
595 4598 678 4644 nescio
697 4610 747 4658 qua
765 4595 898 4644 carnotum
918 4595 1038 4656 oppidum
1057 4596 1213 4656 petebamus.
1251 4597 1358 4656 interea,
1379 4594 1438 4643 dum
1458 4597 1540 4644 vicum
1559 4595 1684 4657 quendam
1702 4596 1869 4646 habitantium

242 4684 405 4731 multitudine
429 4685 663 4745 frequentissimum
688 4683 868 4744 praeterimus,
894 4683 991 4731 obviam
1017 4683 1088 4729 uobis
1114 4683 1223 4729 inmanis
1242 4683 1315 4730 turba
1332 4683 1467 4744 processit,
1494 4695 1559 4744 quae
1577 4687 1630 4729 erat
1648 4689 1700 4730 tota
1717 4683 1866 4752 gentiliumc

242 4783 299 4818 narn
324 4783 396 4817 namo
420 4771 447 4817 in
472 4771 514 4818 illo
538 4771 590 4817 vico
614 4775 718 4816 novarat
736 4769 916 4818 Christianum.
956 4783 1040 4815 aarum
1066 4769 1094 4815 ad
1120 4771 1209 4816 lauram
1235 4769 1299 4817 tanti
1321 4769 1367 4816 viri
1386 4783 1484 4830 campos
1503 4783 1589 4816 ornnes
1608 4769 1657 4816 late
1675 4773 1792 4830 patentes
1809 4783 1866 4817 con·

242 4858 376 4904 fluentium
394 4855 532 4904 multitudo
549 4861 704 4903 contexerat.
746 4855 777 4914 (5)
799 4857 879 4904 sensit
899 4855 929 4916 (s.
950 4856 976 4916 V,
999 4870 1019 4903 s.
1034 4856 1075 4904 bic
1088 4856 1144 4917 Ab)
1167 4855 1291 4903 Martinus
1309 4855 1462 4917 operandum
1480 4861 1507 4903 at
1524 4855 1691 4904 adnuntiante
1710 4857 1758 4903 sibl
1777 4856 1869 4916 spiritu

241 4947 309 4991 totus
328 4944 472 5002 iniremult,
493 4956 540 4990 nec
557 4942 659 4990 mortale
679 4955 769 4990 sanaris
787 4944 891 4991 verbum
909 4943 950 4989 del
968 4943 1107 5002 gentilibus
1125 4942 1296 5003 praedicabat,
1317 4943 1417 5004 saepius
1436 4943 1616 5004 ingemescens,
1637 4955 1682 4988 cur
1700 4945 1770 4989 tauta
1787 4942 1869 4989 domt-

313 5220 358 5270 lll
380 5235 394 5268 a
412 5225 486 5284 putre
504 5215 597 5285 PNL²]
613 5219 681 5282 apud
699 5234 726 5268 se
746 5219 851 5268 BL¹MS
958 5221 1005 5270 115
1025 5223 1154 5270 rubicante
1173 5221 1219 5269 Me
1331 5219 1378 5268 153
1397 5233 1413 5266 v
1434 5217 1506 5268 Pli'hl
1610 5231 1725 5268 rnnrrvn
1743 5229 1871 5267 moarvvts

242 5319 319 5355 ιιτιιιι
337 5321 438 5354 aannrr
457 5307 480 5354 N
582 5308 695 5355 carrrrvtis
714 5303 769 5372 ΡΝ]
787 5309 894 5356 carnotis
913 5307 1008 5356 atus
1123 5308 1169 5357 151
1189 5308 1289 5356 ethnica
1307 5321 1351 5369 per
1370 5302 1402 5372 P]
1421 5307 1502 5354 etuica
1521 5320 1564 5368 per
1584 5303 1625 5367 Li,
1647 5311 1672 5354 et
1690 5305 1731 5353 hic
1748 5318 1807 5367 aper
1826 5303 1866 5368 Ll,

241 5399 267 5442 et
280 5395 338 5442 hinc
350 5409 409 5456 aper
423 5393 477 5455 NB,
497 5400 523 5442 et
536 5395 653 5456 bincper
667 5392 713 5440 MS
810 5394 948 5457 campusP
1047 5394 1094 5444 155
1114 5397 1168 5457 ipsa
1181 5393 1236 5441 ΒΗ
1340 5393 1387 5442 156
1407 5395 1532 5441 alsuarti.
1547 5407 1638 5440 neurim
1746 5390 1792 5439 157
1812 5391 1870 5439 cha-

241 5487 319 5528 racter
337 5477 370 5547 B]
389 5487 497 5529 caracter
513 5483 567 5529 rell.
676 5479 724 5528 159
743 5476 780 5544 at]
802 5482 868 5528 atP
971 5484 1105 5530 martinum
1127 5481 1158 5528 Pl
1266 5480 1314 5529 too
1333 5480 1491 5540 suggeretl'
1596 5477 1642 5526 lot
1661 5479 1805 5540 proscidens
1824 5477 1866 5538 13¹,

240 5568 441 5630 proscendensP
546 5567 592 5616 llit'r
612 5567 722 5614 iactetl’
828 5567 875 5616 ltili
893 5569 1012 5617 lactentia
1024 5568 1064 5630 11¹,
1087 5569 1220 5631 plactantia
1235 5566 1264 5613 ΡΙ
1373 5567 1419 5615 liii
1440 5567 1568 5614 calescunt
1583 5565 1612 5611 ΡΙ
1722 5565 1769 5614 liiii
1788 5579 1868 5614 messe

239 5650 278 5719 ln]
297 5668 403 5702 messem
421 5654 444 5700 P
