4336 6262
343 311 383 370 94
648 303 846 361 OPVSOVLA
864 302 1059 361 VENANTIO
1078 301 1309 362 FORTVNATO
1327 302 1430 361 ndns
1448 303 1673 361 ATTRIBVTA

343 495 516 580 tranquillo
539 494 663 561 medios
684 494 750 560 iam
773 493 853 560 salis
875 493 990 560 fluctus
1013 493 1139 560 sulcare
1162 513 1277 560 secura
1298 495 1475 580 coepisset,
1504 502 1638 581 repente
1659 496 1810 562 immanis
1832 515 1978 562 emersus

343 617 362 664 e
384 599 513 682 gurgite
541 598 641 684 piscis
664 598 823 683 prosilivit
844 598 879 662 in
900 597 1024 680 Argim.
1076 599 1139 681 (86)
1167 597 1216 664 Ι)ο
1239 618 1301 682 quo
1324 618 1396 664 cum
1419 598 1480 664 deo
1502 600 1625 682 gratias
1646 599 1833 666 retulissent
1853 601 1980 686 ipsum-

342 721 405 785 que
433 701 555 787 piscem
585 709 773 768 exenterare
803 701 1002 785 coepissent,
1035 701 1242 784 reliquiamm
1269 701 1382 767 claves
1412 719 1493 784 quas
1515 702 1684 768 Maurilins
1706 702 1740 766 in
1763 703 1844 768 mari
1866 703 1980 788 perdi-

341 803 435 871 derat
463 805 497 871 in
526 804 626 889 piscis
654 803 759 870 iecore
790 811 1010 890 reppererunt.
1058 804 1148 883 Quas
1177 813 1443 889 recognoscentes
1468 804 1667 888 nimiumque
1688 806 1843 872 mirantes
1865 807 1980 872 turba-

341 909 458 974 bantur
480 908 616 988 attoniti,
644 915 823 974 metuentes
846 928 887 974 ne
911 927 982 973 cum
1004 908 1085 993 ipsis
1108 908 1276 974 Maurilius
1297 908 1502 992 naufragium
1524 927 1642 992 passus
1664 908 1825 974 hominem
1841 908 1976 975 exisset.
2002 930 2015 968 s

432 1012 493 1095 (87)
522 1010 681 1076 Demissis
703 1009 802 1095 igitur
825 1011 866 1077 de
889 1012 965 1076 navi
988 1011 1155 1094 anchoris,
1189 1011 1225 1076 in
1247 1011 1308 1077 hoc
1330 1018 1470 1095 stantes,
1505 1020 1540 1077 ut
1562 1011 1602 1077 de
1625 1011 1706 1078 mari
1728 1019 1974 1094 reverterentur,

340 1115 561 1180 asserentibus
589 1115 698 1180 nautis
721 1115 903 1180 Maurilium
935 1133 1008 1180 esse
1031 1115 1236 1197 defunctum,
1270 1115 1390 1198 singuli
1412 1115 1560 1199 sequenti
1581 1121 1676 1181 nocte
1699 1135 1797 1181 unum
1820 1115 1981 1182 eundern-

340 1237 403 1302 que
439 1218 545 1283 visum
581 1216 708 1283 domino
747 1218 906 1285 tribuente
936 1218 1103 1285 viderunt:
1143 1217 1252 1285 Nolite
1280 1224 1424 1284 metuere
1453 1239 1515 1285 nec
1542 1219 1750 1285 revertamini
1779 1218 1819 1284 de
1847 1219 1976 1302 itinere,

341 1328 490 1407 coeptum
513 1326 673 1387 maturate
696 1322 870 1405 negotium,
897 1321 1007 1407 procul
1030 1320 1129 1387 dubio
1151 1321 1206 1388 diu
1228 1321 1410 1405 quaesitum
1434 1329 1467 1388 et
1485 1321 1548 1387 huc
1562 1341 1665 1404 usque
1681 1321 1818 1388 dilatum
1834 1330 1979 1388 vestrum

340 1424 513 1491 invenietis
549 1423 757 1490 desiderium.
827 1426 886 1509 (88)
921 1425 1017 1490 blane
1048 1431 1156 1490 autem
1187 1424 1313 1491 reddito
1341 1424 1421 1508 quid
1450 1425 1570 1508 singuli
1601 1423 1750 1492 viderant
1775 1426 1809 1491 in
1837 1426 1979 1493 invicem
2003 1447 2034 1487 ro

341 1527 534 1611 referebant,
562 1527 647 1594 unde
671 1527 845 1594 admodum
869 1527 1009 1595 roborati
1031 1527 1117 1609 quod
1140 1535 1313 1614 coeperant
1333 1528 1460 1593 avidius
1483 1529 1692 1614 peragebant.
1741 1528 1833 1594 Vnde
1856 1527 1980 1595 factum

341 1639 408 1712 est,
442 1638 477 1696 ut
502 1630 651 1714 angelico
673 1629 771 1696 ductu
794 1630 836 1695 ad
859 1629 987 1696 domum
1011 1630 1167 1715 principis
1190 1651 1263 1696 cum
1284 1651 1348 1714 quo
1371 1631 1541 1698 Maurilius
1563 1630 1732 1698 habitabat
1752 1638 1839 1698 recto
1860 1631 1979 1698 itinere

342 1734 545 1800 ducerentur.
598 1734 657 1818 (89)
685 1733 829 1817 Ingressi
851 1741 960 1800 autem
982 1733 1057 1800 ilico
1080 1734 1188 1798 vocari
1210 1733 1411 1816 Maurilium,
1439 1741 1475 1800 ut
1498 1753 1570 1800 curn
1593 1733 1759 1800 holeribus
1781 1735 1898 1819 quibus
1920 1754 1979 1799 rex

341 1837 388 1902 uti
411 1842 623 1902 consueverat
644 1844 841 1919 accurreret,
874 1837 1054 1903 audierunt.
1103 1837 1276 1903 Oculorum
1298 1857 1377 1922 ergo
1399 1837 1502 1904 aciem
1523 1837 1558 1902 in
1579 1843 1704 1922 partem
1726 1857 1791 1919 qua
1811 1837 1903 1903 illum
1926 1837 1979 1902 iu-

342 1940 482 2006 clamare
509 1939 681 2006 audierant
703 1940 896 2025 dirigentes,
930 1959 990 2006 nec
1011 1959 1102 2006 mora
1124 1960 1196 2006 cum
1218 1939 1382 2006 holeribus
1404 1960 1570 2007 accurrere
1592 1940 1777 2007 Manrllium
1800 1958 1979 2025 perspexc-
2002 1963 2036 2003 rs

341 2049 424 2109 runt.
478 2044 537 2126 (99)
565 2043 668 2121 Quem
691 2063 763 2109 cum
786 2043 1058 2126 recognovissent,
1084 2043 1236 2128 prostrati
1258 2042 1396 2128 pedibus
1418 2043 1521 2128 ipsius
1546 2063 1618 2110 oum
1640 2063 1758 2129 magno
1780 2043 1857 2109 fletu
1879 2064 1980 2129 roga-

342 2147 428 2228 bant,
456 2154 491 2212 ut
512 2147 662 2232 propriae
686 2147 874 2212 subveniret
895 2147 1054 2213 ecclesiae
1077 2153 1174 2229 atque
1197 2146 1330 2227 civitati,
1357 2167 1441 2230 quae
1464 2148 1535 2214 eius
1557 2148 1707 2214 absentia
1727 2147 1773 2212 nil
1795 2148 1860 2213 iam
1883 2148 1978 2213 aliud

341 2249 404 2313 nisi
434 2268 619 2335 supremum
649 2251 900 2334 praestolaretur
927 2249 1071 2316 exitium.
1123 2251 1185 2335 (91)
1212 2249 1265 2316 Ad
1293 2270 1426 2334 quorum
1457 2250 1566 2316 fletum
1594 2270 1666 2316 oum
1696 2270 1733 2316 se
1762 2271 1883 2335 negare
1913 2273 1980 2318 non

304 2353 306 2357 ’
342 2360 469 2438 posset,
502 2353 746 2438 obstupefactus
769 2375 842 2420 cum
865 2352 1006 2419 lacrimis
1029 2372 1211 2439 repugnare
1233 2353 1339 2437 coepit
1359 2354 1509 2420 obnixius
1531 2352 1662 2419 dicens:
1684 2354 1776 2419 ·Voto
1798 2362 1918 2420 memet
1939 2375 1980 2422 ac

341 2456 520 2522 iuramento
544 2455 695 2523 constrixi
719 2476 882 2541 nunquam
905 2476 957 2523 me
979 2457 1115 2542 patriam
1139 2475 1353 2539 reversurum,
1379 2457 1414 2522 ni
1436 2457 1545 2523 claves
1567 2456 1679 2522 videre
1701 2476 1843 2524 mererer
1858 2457 1980 2524 iterum
2002 2478 2035 2520 uo

342 2579 424 2642 quus
447 2559 552 2626 amisi.
603 2557 693 2635 Quas
715 2559 823 2626 statim
847 2559 1054 2640 exhibentes,
1081 2559 1236 2644 quicquid
1256 2559 1291 2624 in
1313 2560 1394 2625 mari
1417 2560 1565 2626 viderant
1587 2568 1620 2626 et
1641 2561 1840 2645 pertulerant
1861 2582 1903 2627 ex
1926 2583 1983 2627 or-

342 2662 418 2729 dine
440 2663 633 2729 referebant.

435 2768 494 2847 (92)
523 2766 650 2832 Interea
678 2765 773 2831 istius
802 2765 889 2831 modi
917 2765 1164 2850 circumquaque
1187 2765 1308 2850 negotii
1330 2765 1417 2831 fama
1438 2765 1610 2850 pervolitat
1630 2765 1800 2851 ipsumque
1823 2765 1983 2834 sollicitat

341 2888 462 2951 regem.
509 2868 665 2934 Mirantur
694 2868 801 2935 cuncti
824 2876 857 2936 et
878 2889 973 2954 quem
997 2876 1032 2935 ut
1053 2869 1232 2934 ortolanum
1255 2868 1435 2935 habuerant
1456 2889 1541 2934 nunc
1562 2877 1599 2935 ut
1620 2869 1857 2936 sanctissimum
1880 2890 1983 2954 prae-

341 2972 444 3038 sulem
467 2977 660 3037 venerantes
682 2970 827 3052 adorant,
854 2972 964 3038 multis
987 2992 1060 3038 eum
1082 2972 1270 3037 muneribus
1292 2979 1325 3038 et
1346 2971 1491 3038 donariis
1512 2971 1670 3039 bonorare
1693 2973 1879 3056 quantotius
1900 2993 1983 3039 con-
2003 2993 2036 3036 rs

341 3082 510 3157 certantes,
538 3082 573 3139 ut
595 3074 648 3158 qui
672 3075 766 3157 quasi
788 3095 914 3160 pauper
936 3083 969 3142 et
990 3075 1181 3160 peregrinus
1203 3075 1247 3140 ad
1269 3095 1325 3141 eos
1347 3083 1482 3142 venerat
1504 3076 1584 3142 felix
1607 3084 1640 3142 et
1657 3075 1749 3142 dives
1763 3083 1984 3142 reverteretur

341 3178 384 3244 ad
406 3178 546 3263 propria.
599 3181 660 3261 (93)
688 3179 771 3243 Turn
787 3178 956 3244 Maurilius
977 3184 1024 3244 tot
1046 3178 1197 3262 precibus
1220 3186 1256 3244 ut
1277 3178 1501 3262 regrederetur
1523 3186 1556 3246 et
1577 3179 1742 3245 miraculis
1759 3179 1874 3262 victus,
1901 3179 1982 3246 dum

342 3281 509 3347 sollicitior
537 3281 578 3346 de
607 3281 791 3346 reversione
822 3283 1025 3348 cunctaretur
1046 3289 1079 3348 et
1100 3281 1224 3364 vigiliis
1245 3289 1342 3365 atque
1364 3281 1561 3348 orationibus
1583 3281 1762 3348 insomnem
1785 3281 1902 3348 ducere
1926 3303 1983 3349 se·

341 3391 493 3467 quantem
521 3383 707 3468 disponeret
736 3391 878 3464 noctem,
911 3383 1041 3450 tandem
1070 3382 1227 3467 fatigatus
1255 3384 1374 3450 ieiunio
1397 3385 1565 3470 paululum
1587 3384 1791 3451 obdormiens
1814 3385 1897 3452 vidit
1917 3407 1983 3452 an·

341 3488 451 3571 gelum
474 3487 635 3554 dicentem
658 3487 738 3552 sibi:
772 3487 886 3571 Surge,
914 3486 1052 3568 Maurili,
1079 3494 1111 3553 et
1134 3488 1323 3572 populomm
1346 3493 1378 3552 te
1401 3487 1631 3571 requirentium
1654 3508 1792 3574 praepes
1816 3508 1982 3571 exequere
2003 3513 2034 3552 ου

340 3599 459 3658 votum.
507 3591 592 3656 Ecce
622 3590 707 3658 euim
736 3590 802 3656 tuis
830 3590 980 3675 precibus
1009 3598 1105 3674 atque
1128 3590 1251 3656 meritis
1273 3589 1332 3655 tibi
1354 3591 1543 3656 commissas
1566 3591 1707 3657 servavit
1729 3591 1877 3658 dominus
1900 3612 1981 3658 oves

340 3713 397 3779 pro
427 3693 544 3784 quibus
573 3693 695 3778 rogasti
724 3700 756 3759 et
785 3693 917 3780 insuper
946 3693 1090 3760 reddidit
1118 3693 1178 3759 tibi
1208 3713 1343 3778 puerum
1372 3713 1468 3778 quem
1496 3693 1617 3760 diodus
1643 3695 1774 3778 plorans
1797 3695 1978 3779 quaesisti!

345 3799 405 3878 (94)
435 3797 520 3876 Quid
543 3797 652 3864 multis
661 3803 675 3860 ‘l
704 3818 799 3863 mane
829 3795 956 3864 reddito
986 3797 1248 3863 concurrentibus
1276 3796 1419 3878 undiquc
1449 3796 1577 3882 populis
1607 3817 1679 3864 cum
1709 3815 1827 3883 magno
1856 3798 1980 3866 honore

340 3898 511 3966 deducitur
539 3900 583 3966 ad
610 3920 726 3966 navem
756 3908 788 3967 et
815 3899 960 3966 traducto
982 3907 1080 3984 ponto
1100 3919 1174 3965 cum
1197 3919 1257 3965 nec
1278 3899 1393 3965 minori
1415 3900 1521 3983 gloria
1542 3921 1564 3966 a
1585 3901 1714 3986 propria
1736 3900 1895 3986 excipitur
1917 3923 1980 3987 pa·

339 4003 412 4068 tria.
459 4004 647 4088 Taliterque
677 4003 838 4089 propriam
869 4021 1036 4087 regressus
1059 4003 1101 4068 ad
1124 4004 1251 4085 urbem,
1283 4002 1434 4068 nimirum
1458 4003 1678 4088 spectantibus
1700 4004 1818 4087 turbis,
1852 4003 1894 4070 de
1918 4005 1980 4071 do·
2000 4027 2033 4067 ss

340 4105 418 4170 mini
446 4107 658 4191 promissione
688 4126 821 4174 securus
844 4107 933 4174 venit
953 4106 997 4172 ad
1018 4107 1110 4192 pueri
1133 4107 1303 4172 tumulum.
1356 4108 1417 4190 (95)
1445 4105 1515 4183 Quo
1537 4105 1650 4172 rastris
1672 4106 1890 4192 discooperto,
1924 4108 1980 4174 in-

340 4215 433 4274 vocat
462 4209 647 4276 diutissime
672 4210 855 4295 planctibus
879 4209 1053 4276 Christum.
1101 4208 1249 4275 Tandem
1271 4216 1378 4276 autem
1401 4210 1534 4294 expleta
1556 4228 1628 4275 cum
1650 4209 1793 4276 lacrimis
1814 4210 1976 4292 oratione,

339 4319 473 4395 uterque
504 4321 702 4399 consurgunt
723 4312 894 4379 Maurilius
923 4313 965 4379 de
994 4313 1137 4379 oratione
1166 4319 1199 4378 et
1227 4332 1307 4397 puer
1336 4310 1378 4379 de
1404 4319 1515 4378 morte.
1563 4312 1665 4391 Quem
1689 4311 1885 4398 septiformis
1910 4315 1981 4399 spi-

340 4415 420 4481 ritus
449 4418 555 4501 gratia
586 4424 804 4484 consecratum
835 4436 876 4481 ex
905 4423 1022 4482 eventu
1052 4415 1181 4482 vocavit
1202 4416 1372 4481 Renatum.
1425 4417 1487 4499 (96)
1513 4413 1577 4492 Qui
1599 4415 1717 4481 divinis
1740 4415 1879 4482 cultibus
1902 4415 1980 4484 ilico

339 4519 543 4604 mancipatus
570 4527 603 4586 et
624 4541 645 4586 a
666 4522 762 4587 beato
784 4519 934 4585 Maurilio
956 4519 1145 4603 diligentius
1168 4517 1313 4585 eruditus
1335 4519 1432 4585 tantis
1455 4519 1630 4604 promeruit
1651 4518 1766 4585 florere
1789 4518 1977 4602 virtutibus,
2002 4542 2033 4583 ro

340 4628 375 4686 ut
402 4629 476 4707 post
497 4623 681 4689 Maurilium
711 4621 929 4708 pontificalem
951 4621 1196 4688 Andecavensis
1226 4622 1383 4688 ecclesiae
1413 4622 1600 4689 cathedram
1630 4629 1663 4689 et
1691 4628 1859 4708 postumus
1881 4625 1982 4690 sorti-

339 4733 426 4792 retur
455 4733 488 4792 et
516 4727 622 4794 heres.
675 4728 736 4808 (97)
762 4723 857 4801 Quod
885 4725 915 4791 si
942 4725 1014 4809 quis
1043 4725 1176 4792 fortuitu
1205 4725 1425 4792 aestimaverit
1453 4726 1653 4809 fabulosum,
1686 4724 1895 4792 Andecavam
1927 4748 1983 4795 re-

339 4837 445 4896 currat
478 4831 521 4896 ad
554 4830 682 4910 urbem,
719 4829 764 4895 ibi
798 4828 883 4894 enim
917 4829 1061 4895 inveniet
1095 4827 1360 4914 pretiosissimum
1394 4827 1611 4895 confessorem
1640 4829 1761 4896 Christi
1791 4829 1983 4897 Maurilium

338 4931 495 5000 inmensis
522 4932 693 4999 virtutibus
714 4930 879 4998 florentem
902 4939 936 4999 et
956 4952 1017 4998 nec
1038 4931 1143 5006 minus
1166 4933 1326 4998 Renatnm
1348 4931 1526 4998 antistitem
1549 4950 1766 4998 successorem
1788 4931 1894 5016 ipsius
1918 4936 1984 5000 rni-

342 5125 610 5132 —-.—-...--.—.—-—.

426 5243 457 5293 41
479 5244 648 5306 Mopuobodor
665 5262 687 5296 ο.
708 5250 740 5297 5:
767 5245 838 5294 Idem
867 5247 937 5294 enlm
963 5245 1041 5294 etlam
1068 5251 1125 5308 post
1151 5246 1253 5294 beatum
1279 5244 1422 5294 lleurlllum
1450 5243 1568 5308 pontifex
1593 5245 1674 5294 tectus
1700 5244 1830 5307 praesedit
1856 5248 1986 5300 ecclesiae

339 5331 524 5382 Andecarenst.

427 5606 441 5655 2
462 5601 552 5672 argim]
570 5603 607 5665 cf.
627 5620 703 5667 sopra
719 5621 745 5668 p.
763 5604 805 5668 89,
826 5607 842 5654 l.
862 5603 893 5655 1³
998 5604 1013 5656 8
1033 5606 1118 5654 ulrum
1138 5603 1178 5666 (Ρ)
1288 5602 1319 5653 19
1337 5619 1418 5654 meme
1440 5604 1462 5652 G
