4536 6196
1010 317 1229 374 FORTVNATI
1246 317 1448 374 ennnluvrr

745 508 898 593 lampade
921 509 1058 592 fulgenti
1081 516 1157 575 tunc
1178 516 1210 574 te
1234 509 1383 575 veniente
1406 529 1531 576 sorores

832 613 995 696 excipiant
1017 613 1100 678 laeto
1123 613 1262 696 Thecla,
1290 613 1439 678 Susanna
1461 615 1566 679 chore.

747 715 827 781 haec
849 717 943 783 modu
966 716 1042 780 dnm
1065 716 1162 782 redeo
1185 717 1324 783 breviter
1345 717 1498 783 mandata
1521 719 1683 801 relinquo:

646 829 692 878 'au
834 825 868 883 tu
891 839 1035 902 quoque,
1062 819 1138 884 duni
1161 820 1289 904 religia,
1317 839 1368 885 me
1391 841 1567 887 memorare
1591 821 1683 886 velia.

1172 1078 1282 1143 XXIV

1120 1199 1211 1274 Item
1239 1200 1337 1274 aliud

748 1343 890 1427 Anxius,
915 1343 1055 1410 afflictus
1078 1363 1226 1410 curarum
1249 1344 1391 1429 pondere
1414 1364 1542 1428 curvor,

835 1454 961 1533 pectore
985 1448 1117 1514 confusa
1139 1467 1199 1513 nce
1221 1448 1298 1513 dare
1322 1447 1421 1514 verba
1442 1469 1540 1531 que0;

749 1569 910 1616 murmure
933 1550 993 1615 sub
1017 1551 1114 1617 dubio
1136 1552 1260 1616 laceror
1280 1571 1385 1634 neque
1408 1552 1550 1617 carmina
1572 1553 1666 1634 laxe,

836 1654 944 1719 nescia
966 1661 1054 1736 certa
1075 1652 1164 1738 loqui
1187 1659 1294 1720 mente
1316 1661 1456 1738 vagante
1480 1655 1568 1721 mihi.
1650 1667 1661 1689 ⁰

685 1780 697 1819 a
750 1757 831 1840 heu,
857 1757 980 1822 tristem
1003 1757 1031 1823 si
1053 1765 1128 1823 vota
1151 1758 1252 1824 velint
1274 1757 1386 1824 audire
1409 1757 1580 1842 latentem,

836 1881 888 1926 me
912 1860 1016 1927 subito
1039 1861 1159 1928 ferrent
1181 1861 1294 1927 nubila
1314 1861 1415 1927 missa
1437 1863 1513 1944 libi;

751 1963 928 2030 Daedaliae
952 1965 1045 2049 lapsu
1069 1967 1096 2031 ai
1118 1966 1234 2050 pinnas
1257 1985 1384 2031 sumere
1406 1986 1551 2048 nossem,

838 2069 881 2134 ad
904 2089 961 2134 vos
984 2069 1173 2151 quantocius
1194 2069 1260 2134 iam
1282 2069 1460 2135 revolasset
1482 2091 1611 2136 amans:

753 2172 843 2238 nevit
864 2171 948 2236 enim
972 2173 1134 2254 dominus,
1162 2173 1217 2257 qui
1239 2173 1336 2238 corda
1358 2173 1493 2238 latentia
1515 2175 1638 2259 pulsat,

839 2295 922 2359 quae
944 2296 1035 2358 mea,
1062 2276 1121 2342 sed
1143 2275 1255 2358 tacite,
1283 2275 1409 2342 viscera
1432 2297 1508 2342 cura
1531 2278 1648 2343 denset.

755 2379 897 2462 reddite,
924 2400 995 2445 cunr
1018 2400 1162 2463 nequeo,
1190 2379 1338 2446 deminae
1361 2380 1520 2465 promissa
1542 2381 1718 2465 benignae;

841 2504 900 2549 nec
922 2491 1031 2549 tamen
1054 2482 1106 2548 hic
1129 2482 1257 2570 culpam
1280 2483 1374 2550 crede
1397 2483 1497 2549 fuisse
1520 2505 1642 2550 meam:

756 2607 892 2669 excusa,
920 2588 948 2652 si
972 2587 1052 2653 sorte
1074 2594 1184 2672 putea,
1212 2608 1270 2672 per
1292 2587 1400 2653 sidera
1422 2595 1537 2672 testor,

842 2712 894 2758 me
915 2712 1020 2775 neque
1043 2691 1127 2757 velle
1150 2712 1256 2756 moras
1278 2691 1390 2756 matris
1411 2691 1445 2757 in
1467 2713 1545 2759 aure
1567 2692 1662 2758 feras.

691 2817 704 2856 a
757 2801 826 2862 aret
847 2815 903 2880 pro
927 2795 1063 2861 famulo:
1091 2795 1185 2861 citius
1198 2816 1352 2870 remeare
1375 2797 1514 2882 parabc,

845 2905 970 2965 etcum
994 2907 1197 2983 praesentor,
1224 2899 1374 2980 verbere,
1401 2920 1478 2964 vace
1501 2899 1617 2966 demet.

1189 3157 1282 3222 XXV

1130 3280 1222 3354 Item
1249 3280 1345 3354 aliud

759 3425 966 3511 supplicibus
989 3424 1071 3490 vatis
1092 3424 1211 3489 referat
1232 3422 1386 3489 mandata
1408 3426 1521 3491 salutis

846 3529 1000 3594 matribus
1023 3548 1062 3594 ac
1085 3527 1223 3593 duminis
1246 3529 1366 3613 pagina
1388 3529 1487 3594 missa
1509 3529 1661 3613 loquens,

761 3633 901 3715 dumque
924 3639 1051 3697 recusat
1072 3630 1132 3696 iter
1154 3638 1296 3697 nostrum
1319 3631 1378 3697 tibi
1400 3632 1535 3698 reddere
1558 3633 1682 3714 vultus,

846 3735 997 3802 affectum
1020 3734 1126 3801 saltim
1149 3733 1333 3800 sollicitudo
1354 3736 1482 3819 prebet:

695 3862 707 3900 u
762 3861 819 3906 nee
842 3859 953 3906 sumus
975 3839 1144 3920 absentee,
1171 3838 1200 3903 si
1222 3859 1279 3904 nos
1302 3839 1402 3904 oratio
1425 3838 1528 3905 dulcis

847 3949 1034 4028 praesentes
1058 3961 1184 4030 semper
1208 3942 1313 4008 cordis
1335 3962 1443 4009 amore
1466 3949 1562 4008 tenet.

1186 4201 1296 4267 XXVI

1135 4321 1226 4398 ltern
1252 4322 1349 4397 aliud

764 4479 859 4546 Matri
880 4488 975 4545 natus
997 4499 1076 4562 ego,
1102 4476 1203 4542 frater
1224 4475 1318 4541 simul
1341 4475 1412 4560 ipse
1435 4475 1535 4540 sorori

850 4591 979 4671 pectore
1001 4582 1116 4647 devote
1136 4581 1274 4665 parvula
1295 4580 1381 4644 dona
1402 4578 1481 4644 iero.

765 4688 879 4755 tertius
901 4686 1010 4752 unitus
1031 4685 1093 4750 tria
1114 4703 1248 4749 munera
1270 4689 1359 4766 porta
1382 4681 1525 4747 duabus:

850 4799 917 4858 tarn
939 4789 1052 4855 dulces
1074 4788 1200 4853 animas
1222 4785 1330 4852 dulcia
1352 4805 1447 4870 poma
1470 4786 1596 4853 decent.

700 4917 712 4956 a
766 4894 825 4962 sed
847 4894 922 4961 date
944 4913 1029 4959 nunc
1052 4891 1180 4957 veniam
1202 4889 1280 4954 milri
1304 4888 1390 4973 quud
1412 4887 1488 4954 fane
1510 4889 1568 4955 tali
1592 4889 1740 4955 habetur:

851 5017 985 5063 munera
1007 5015 1091 5080 quae
1113 5000 1232 5079 portet,
1260 4993 1371 5058 charta
1393 4993 1532 5059 canister
1553 4993 1623 5058 erit.

500 5211 533 5262 30
551 5225 591 5260 mc
609 5225 745 5260 memorare
765 5203 920 5274 Guerardus]
939 5220 1046 5256 memora
1064 5219 1091 5253 se

500 5298 588 5348 XXIV
679 5293 812 5358 21257'
916 5295 1091 5342 lmurrncrec
1194 5289 1295 5338 laento
1400 5295 1504 5338 uucrntc
1610 5287 1776 5352 ldedallquc
1881 5289 2067 5353 8qurututiuc

434 5385 464 5436 14
483 5387 549 5434 feres
835 5423 837 5426 .

500 5469 574 5520 XXV
645 5468 671 5518 Σ
686 5470 709 5532 s.
729 5465 777 5519 ⁶7*
881 5465 895 5515 3
914 5465 973 5527 sort.
993 5465 1093 5515 nultum

502 5555 590 5605 XXVI
661 5551 792 5618 2125st
899 5551 981 5617 lipsi
1086 5551 1212 5600 3terclus
1317 5553 1386 5612 porta
1492 5547 1582 5598 5lan0
1600 5549 1644 5596 tell
1668 5547 1786 5610 quomodo
1804 5547 1928 5597 emendem
1947 5565 2001 5601 non
2020 5554 2069 5602 lui.

434 5643 485 5693 teo.
522 5656 636 5692 excusare
654 5641 753 5691 videtur
771 5641 835 5703 quud
853 5640 978 5689 euwtlum
995 5653 1045 5687 aaa
1062 5638 1148 5687 latent
