4536 6196
1007 296 1225 351 rossuvxffl
1244 297 1447 351 calanus!

742 485 990 550 Childeberclbe
1012 487 1143 550 eluens:
1169 487 1251 550 bace
1272 488 1465 550 fortunatus
1487 509 1596 552 amore
1619 481 1629 490 ’

830 609 972 673 paupere
995 588 1035 652 de
1058 609 1154 654 seusu
1179 611 1301 674 paup&
1323 603 1356 654 el
1376 593 1447 674 ipse
1471 591 1549 654 lero.

743 691 921 756 Audullnm
945 693 1100 755 famulum
1123 693 1312 756 commendo
1335 695 1480 776 supplice
1504 705 1593 759 roto.

831 817 882 859 me
903 816 1049 877 quasque:
1075 797 1122 859 sic
1144 798 1237 859 uobis
1261 797 1312 859 bic
1334 796 1507 860 domineris
1529 819 1623 880 apex.

1202 1209 1245 1272 l'l

988 1347 1044 1421 De
1072 1348 1304 1422 anichilde
1330 1352 1456 1442 regina

746 1528 849 1609 Regia
872 1528 1061 1612 progenies.
1088 1529 1244 1611 praecelsi
1267 1537 1299 1592 el
1321 1541 1424 1593 mater
1446 1530 1592 1592 honoris.

831 1631 973 1713 undique
995 1641 1185 1712 regnantum
1209 1631 1312 1695 cincla
1334 1631 1449 1696 deone
1472 1634 1542 1716 pio.

745 1734 855 1799 Gallia
878 1735 970 1798 cuius
994 1735 1091 1798 babet
1112 1755 1215 1816 genus
1238 1745 1272 1799 et
1292 1736 1450 1817 Hispania
1473 1737 1588 1800 letum.

832 1838 995 1901 masculus
1017 1837 1093 1901 bine
1115 1837 1303 1904 moderans.
1328 1839 1405 1902 iude
1428 1841 1536 1922 puella
1559 1860 1691 1920 regens:

680 1963 693 1998 ε·
745 1941 924 2025 auspicium
949 1941 1029 2005 felix
1051 1939 1094 2005 sit
1114 1941 1368 2024 prosperioribus
1391 1943 1500 2005 annis:

832 2043 885 2108 bie
906 2051 996 2126 tegat
1016 2043 1228 2126 Allobrogas,
1254 2043 1373 2126 dirigat
1394 2045 1452 2107 illa
1474 2044 1592 2108 Getas.

745 2147 896 2230 gentibus
918 2155 951 2211 et
971 2147 1111 2229 geminis
1133 2147 1253 2230 pariter
1273 2155 1329 2210 lua
1351 2148 1497 2230 germina
1520 2159 1656 2228 regnent

832 2259 865 2316 el
886 2251 947 2315 tibi
970 2251 1025 2314 det
1047 2250 1168 2314 fructus
1191 2251 1252 2315 iste
1275 2251 1327 2315 rel
1350 2252 1406 2315 ille
1429 2252 1533 2314 locus.

745 2375 809 2437 quo
830 2362 862 2419 te
885 2354 1078 2423 circumdet,
1105 2354 1178 2438 pia.
1205 2353 1324 2418 blanda
1347 2375 1462 2418 corona
1485 2365 1654 2438 nepotum,

831 2458 874 2523 de
895 2459 1006 2540 genito
1029 2465 1061 2521 et
1082 2457 1194 2539 genita
1215 2459 1266 2521 bis
1288 2458 1440 2540 genitalis
1462 2479 1536 2522 ara.

745 2561 819 2626 illos
841 2561 973 2642 auditu,
1000 2561 1058 2624 bos
1080 2560 1152 2624 risu
1176 2561 1262 2625 laeta
1284 2581 1473 2638 recensens!

832 2683 986 2749 praesens
1008 2663 1082 2727 bine
1104 2663 1270 2746 gaudens,
1297 2664 1375 2728 inde
1398 2663 1456 2728 sed
1477 2685 1556 2730 aure
1578 2664 1692 2728 sarens

745 2768 869 2852 subque
892 2768 956 2832 tuis
978 2787 1113 2832 cerneus
1135 2768 1285 2849 regiones
1307 2776 1410 2833 mater
1432 2775 1583 2852 utrasque

832 2892 904 2936 cum
927 2872 1045 2956 populo
1068 2878 1101 2935 et
1123 2872 1227 2955 patria
1249 2871 1433 2936 laetificeris
1456 2893 1529 2935 ara.

745 2973 922 3039 Audulsnm
945 2974 1101 3039 famulum
1124 2973 1333 3054 commendo,
1358 2995 1409 3040 me
1432 2996 1558 3057 quoque
1580 2994 1705 3038 secum:

831 3078 878 3142 sic
901 3085 1030 3141 mancat
1052 3077 1176 3141 cunetis
1198 3077 1301 3159 gloria
1324 3085 1430 3141 restra
1453 3078 1569 3141 nitens.

1194 3490 1254 3556 vu

973 3585 979 3590 ’
1088 3629 1148 3701 nu
1175 3629 1362 3724 ugrum

745 3809 870 3874 Nomen
893 3808 987 3874 dulce
1010 3808 1104 3888 mihi,
1131 3808 1209 3872 mibi
1232 3827 1359 3892 semper
1380 3807 1520 3872 amabile
1542 3828 1677 3882 nomen,

831 3913 980 3978 omnibus
1002 3911 1181 3991 unanimis,
1206 3911 1280 3996 plus
1303 3911 1382 3975 mihi
1404 3917 1510 3976 menie
1533 3912 1656 3990 nitesce,

746 4015 802 4097 qui
824 4014 919 4082 eorde
941 4014 1139 4099 amplectens
1162 4023 1293 4080 cunctos
1315 4013 1374 4079 libi
1396 4012 1504 4078 reddis
1525 4023 1672 4078 amantes

837 4118 923 4202 (dum
946 4119 1025 4183 colis
1048 4126 1080 4183 et
1103 4118 1236 4199 colaria,
1263 4137 1356 4182 carus
1378 4117 1507 4181 haberis
1529 4121 1645 4202 apex).

747 4221 888 4287 moribus
910 4222 1088 4300 excellens,
1115 4221 1266 4304 Agiulfe‚
1292 4221 1433 4304 benigue
1457 4219 1594 4284 sodalis

833 4324 1014 4410 praecipuis
1036 4324 1175 4389 dominis
1197 4325 1253 4408 qui
1274 4323 1462 4389 famulando
1483 4323 1609 4408 places,
1701 4355 1707 4364 ·

747 4429 796 4494 vir
817 4429 959 4494 bonitate
981 4428 1116 4508 decens,
1144 4427 1313 4492 concordia
1335 4427 1443 4491 uincta
1465 4447 1523 4512 per
1543 4448 1671 4493 omnes

833 4531 977 4598 laetitiae
1000 4531 1117 4612 facies,
1145 4538 1275 4616 pectore
1296 4530 1362 4595 fida
1383 4529 1482 4595 fides:

747 4643 810 4702 stet
831 4643 907 4701 tuns
929 4636 1057 4720 amplus
1078 4635 1180 4700 honor
1200 4636 1296 4718 longe
1319 4634 1371 4699 bis
1392 4635 1601 4717 regnantibus
1631 4657 1641 4684 ι
1670 4663 1679 4682 -·

665 4761 693 4801 ιο
831 4741 1024 4822 illorumque
1046 4739 1136 4804 salus
1158 4738 1201 4804 sit
1222 4738 1298 4818 libi,
1325 4758 1416 4819 care,
1443 4735 1553 4803 decus.

645 4925 647 4930 s
747 4844 892 4929 supplico
915 4841 1120 4908 commender
1141 4863 1199 4926 per
1221 4848 1254 4907 te
1277 4841 1515 4907 dominantibus
1537 4839 1631 4905 allis:

833 4947 880 5012 sio
901 4947 1014 5012 valeas
1036 4944 1134 5028 felix,
1161 4944 1238 5009 dum
1259 4949 1347 5010 tenet
1369 4943 1433 5009 ista
1455 4943 1535 5009 dies.

484 5261 511 5312 ll
532 5257 731 5328 childeberctho]
748 5260 902 5308 childeberte
922 5258 956 5318 ld,
977 5259 1130 5321 childeberte
1150 5258 1174 5306 Σ
1278 5261 1424 5307 lurtunntus
1439 5257 1463 5305 Σ
1569 5257 1599 5307 12
1618 5271 1695 5306 censu
1715 5257 1742 5304 ll
1846 5255 1877 5305 13
1895 5257 2001 5308 audulfo
2019 5258 2045 5306 Σ

410 5349 533 5399 {amulum
553 5345 589 5414 Σ]
607 5351 722 5398 comitem
741 5345 770 5394 M

480 5435 516 5482 Vl
588 5433 612 5482 Σ
629 5433 651 5494 s.
665 5430 712 5482 ιδ’
810 5444 979 5480 mvneurunn
1079 5429 1183 5492 3letus
1281 5427 1609 5494 lmusculusooermdm]
1628 5430 1759 5478 musculus
1860 5425 1891 5476 12
1910 5425 1982 5496 bino]
2000 5429 2046 5479 bio

481 5521 531 5568 vn
630 5519 654 5568 Σ
671 5519 693 5580 s.
713 5517 761 5566 [θ’
865 5530 930 5564 inan
947 5531 1031 5566 aurun
1048 5531 1085 5564 nu
1103 5531 1130 5565 n.
1239 5512 1475 5582 lmlbimihi]bi
1495 5519 1610 5564 micros.
1717 5513 2047 5584 3⁸mulesooemn1m]

412 5612 524 5653 amanter
629 5605 776 5654 ebolena
827 5587 833 5608 '
880 5604 1029 5665 smppom
1048 5606 1112 5666 ipsis
