4290 6194
836 362 928 420 VITA
947 359 1084 422 SANOTI
1101 361 1277 420 subituri.
1833 367 1873 428 59

240 563 392 622 aeternae
423 554 562 622 lavacris
590 553 734 639 perfudit
759 554 869 639 sicque
898 553 1104 620 beatissimus
1131 552 1274 640 pontifex
1295 552 1460 620 infelicem
1483 553 1637 639 praedam
1661 553 1702 620 de
1725 553 1874 620 faucibus

241 658 362 726 diaboli
385 659 578 726 abstrahens
601 657 679 724 fecit
699 657 837 724 feliciter
859 677 962 724 suam.

331 763 393 848 (41)
420 763 584 829 Venerunt
606 781 731 846 quoqne
754 761 923 846 quondam
939 762 1001 827 dno
1024 759 1085 826 4141
1107 759 1150 826 ad
1172 760 1284 826 urbem
1307 759 1470 826 infelicem
1492 760 1592 825 414444
1611 760 1709 826 414441
1725 766 1875 844 gerentes

241 868 275 933 in
297 867 430 933 scelere.
483 868 612 950 Tegunt
640 864 751 946 itaque
781 863 911 930 funesta
940 863 1091 930 demissis
1115 863 1256 929 vultibus
1279 864 1375 929 corda
1398 870 1431 930 et
1452 862 1586 929 extortis
1608 862 1735 928 fletibus
1758 871 1791 929 44
1811 862 1875 928 imo

209 977 371 1055 spectore
399 968 568 1036 abstractis
600 967 747 1052 suspiriis
775 967 887 1033 vilium
916 973 1077 1033 vetustate
1107 987 1284 1051 pannorum
1314 985 1474 1051 pauperes
1505 985 1540 1033 se
1571 985 1643 1032 esse
1666 965 1873 1033 mentiuntur.

241 1073 510 1140 Γ14114444444414
532 1070 718 1138 necessaria
740 1069 839 1136 414441
861 1077 895 1136 44
915 1070 1086 1137 simulatae
1109 1069 1258 1137 miseriae
1281 1069 1485 1135 miseratione
1509 1069 1655 1155 piissima
1674 1069 1873 1136 subvenitur.

179 1245 180 1250 ,
246 1179 308 1263 (42)
334 1176 464 1244 Deflent
492 1176 603 1259 itaque
631 1175 696 1240 vim
719 1193 792 1240 sese
814 1173 944 1259 frigoris
967 1174 1051 1241 ferre
1073 1193 1137 1239 nou
1160 1191 1272 1257 posse,
1307 1172 1437 1238 taudem
1459 1172 1544 1238 intra
1566 1180 1660 1258 septa
1681 1173 1876 1258 recipiuntur

242 1280 411 1348 eeclesiae.
459 1280 585 1363 Vixque
615 1278 712 1344 eorda
743 1277 926 1344 mortalium
956 1277 1048 1360 quies
1077 1276 1182 1361 prima
1210 1283 1303 1360 grata
1332 1295 1480 1342 curarum
1510 1276 1670 1343 oblivione
1693 1277 1872 1358 laxaverat,
1954 1351 1955 1360 ,

242 1406 314 1453 eum
342 1384 392 1450 illi
421 1383 595 1450 admittunt
624 1380 827 1448 latrocinium
858 1386 891 1447 et
919 1399 1027 1462 sacra,
1061 1379 1255 1464 pronefas!
1291 1379 1423 1464 pollutis
1446 1380 1596 1446 manibus
1617 1380 1720 1464 pallia
1742 1380 1873 1463 adeunt,

194 1504 222 1546 ¹0
241 1489 316 1554 vela
345 1487 488 1554 deiciunt
517 1485 732 1569 reseratisque
761 1484 868 1550 ianuis
898 1483 1001 1568 gradu
1033 1482 1156 1550 concito
1185 1482 1296 1566 fugam
1326 1482 1459 1549 crimine
1488 1485 1675 1550 stimulante
1705 1484 1872 1570 arripiunt,

241 1591 297 1675 qui
319 1590 366 1657 ita
388 1590 486 1674 digno
509 1589 674 1655 caecitatis
698 1587 856 1673 supplicio
880 1586 1055 1664 feriuntur,
1089 1593 1125 1651 nt
1146 1585 1261 1652 nefarii
1284 1586 1368 1652 oculi
1389 1587 1445 1670 qui
1467 1586 1591 1653 indices
1614 1587 1781 1653 criminum
1804 1587 1877 1655 fue-

242 1702 314 1760 rant
343 1693 442 1761 duces
470 1711 543 1760 4444
571 1691 670 1775 fugae
700 1711 764 1757 444
794 1697 938 1776 possent.
987 1689 1057 1755 Huc
1089 1689 1197 1774 itaque
1224 1695 1256 1755 et
1277 1689 1358 1756 illuc
1379 1689 1519 1756 incertos
1540 1689 1708 1775 implicant
1729 1692 1823 1757 orbes
1846 1699 1878 1758 et

242 1816 344 1864 44444
366 1803 491 1863 noctem
514 1795 624 1861 labore
645 1799 847 1860 consumunt.
900 1792 961 1876 (43)
988 1792 1146 1859 Redditur·
1168 1792 1262 1858 terris
1285 1791 1372 1874 dies,
1400 1792 1585 1876 agnoscitur
1607 1793 1750 1872 1441444,
1777 1793 1877 1860 titud

244 1899 442 1967 sacerdotem
466 1916 650 1965 eoneursns.
690 1898 898 1963 Demonstrat
912 1897 1028 1963 beatus
1044 1897 1178 1963 antistes
1193 1915 1273 1979 quoe
1289 1895 1430 1963 oratione
1447 1901 1593 1963 tenuerat
1607 1897 1716 1980 aitque
1731 1904 1877 1965 auctores

194 2003 384 2070 4444141414
415 2021 515 2088 prope
544 2007 674 2088 pontem
696 1999 753 2085 qui
774 2000 939 2084 proximus
961 1999 1033 2066 urbi
1055 2006 1106 2066 444
1128 1999 1282 2065 caecitate
1306 2019 1379 2065 4444
1401 2019 1571 2084 percussos
1594 2007 1627 2066 et
1647 2021 1750 2068 vacuo
1773 2003 1877 2068 lassos

243 2107 358 2174 itinere
380 2105 557 2174 considere.
610 2105 672 2189 (44)
699 2103 751 2169 Ad
778 2110 908 2188 pontem
938 2121 1016 2186 ergo
1044 2103 1123 2184 itur,
1156 2102 1358 2188 reperiuntur
1380 2102 1498 2168 nefarii
1520 2103 1662 2169 criminis
1684 2105 1748 2186 rei,
1778 2105 1878 2172 inter-

244 2211 411 2295 rogatique
434 2229 497 2293 444
519 2209 604 2274 14444
626 2206 744 2291 quidve
768 2207 816 2273 eis
839 2214 927 2273 44444
949 2206 1086 2290 negotii,
1114 2206 1206 2272 aiunt
1228 2225 1263 2272 44
1286 2206 1414 2289 longius
1436 2206 1522 2271 velle
1545 2227 1697 2290 pergere,
1725 2208 1785 2274 sed
1807 2228 1877 2275 cum

244 2320 333 2380 esset
354 2314 434 2380 hora
456 2312 524 2379 1444
548 2311 614 2377 41141
635 2311 747 2394 tertia,
778 2317 932 2397 accepto
956 2329 991 2377 se
1014 2310 1125 2375 4114444
1145 2309 1261 2376 1414444
1284 2328 1404 2394 opacae
1428 2309 1529 2376 444414
1551 2311 1692 2376 tenebris
1715 2311 1875 2396 impediri.

242 2417 294 2483 Ad
323 2416 523 2483 sacerdotem
553 2414 691 2498 denique
720 2414 958 2500 pertrahuntur.
1012 2414 1073 2497 (45)
1102 2413 1217 2496 Itaque
1247 2433 1318 2479 eum
1346 2412 1396 2477 414
1425 2413 1631 2479 beatissimus
1662 2415 1786 2480 illatam
1817 2416 1879 2481 sibi

191 2537 222 2580 44
242 2519 391 2586 iniuriam
415 2517 561 2586 velutin
583 2517 712 2584 sublimi
734 2518 858 2604 positus
880 2525 955 2584 ante
978 2517 1170 2603 despiceret,
1196 2523 1305 2582 tamen
1327 2516 1403 2583 licet
1426 2515 1528 2582 divini
1548 2537 1666 2583 memor
1683 2527 1771 2584 esset
1784 2539 1879 2604 prae·

242 2623 336 2708 cepti,
364 2623 490 2690 alienas
513 2621 615 2688 noluit
636 2623 749 2708 culpas
772 2621 843 2687 sine
866 2621 997 2706 propria
1019 2620 1138 2686 virtute
1162 2619 1326 2702 castigari,
1353 2640 1428 2686 nam
1444 2619 1573 2705 dempto
1588 2620 1688 2704 pallio
1704 2641 1762 2688 suo
1778 2624 1879 2688 saeri-

242 2727 334 2810 legos
363 2726 415 2792 bis
445 2732 502 2791 444
528 2725 621 2791 tertio
642 2724 676 2789 iu
699 2724 794 2790 dorso
817 2722 991 2807 percussit,
1029 2722 1115 2805 quod
1137 2723 1185 2788 ita
1206 2723 1371 2788 incorum
1394 2724 1546 2789 memhris
1567 2724 1703 2807 insedit,
1736 2733 1772 2791 nt
1793 2727 1879 2793 omni

243 2829 284 2894 ab
312 2828 393 2913 ipsis
423 2827 562 2893 amonius
590 2829 724 2893 verbere
755 2825 817 2892 sibi
849 2844 921 2892 4444
948 2831 1124 2910 putaretur.
1179 2825 1384 2908 (46)Μ41444
1414 2846 1539 2909 quoque
1569 2829 1716 2910 regulam
1739 2828 1880 2895 melioris

243 2929 330 2995 41444
360 2937 579 3013 transgressos
609 2929 712 2994 sancti
742 2926 894 3010 tegminis
925 2928 989 2994 levi
1012 2934 1100 2993 44444
1123 2927 1166 2993 441
1189 2927 1423 2993 emendationis
1447 2929 1617 2994 sanitatem
1640 2931 1785 3012 reduxit,
1821 2933 1880 2999 4441

193 3049 224 3092 44
245 3051 374 3117 semper
402 3031 578 3098 secundnm
610 3031 739 3098 modum
770 3031 895 3116 peccati
924 3030 1173 3117 impendebatur
1199 3050 1275 3096 4444
1297 3031 1430 3097 remedii
1453 3039 1486 3097 et
1507 3051 1564 3116 pro
1586 3033 1742 3117 qualitate
1765 3036 1879 3120 culpae

243 3137 293 3202 vis
323 3135 521 3202 inferebatur
550 3134 727 3200 vindictae.
774 3133 829 3200 Sic
859 3154 936 3219 ergo
964 3134 1067 3200 sancti
1090 3134 1123 3200 iu
1146 3133 1289 3200 oratione
1311 3133 1372 3200 4141
1394 3135 1428 3200 14
1450 3135 1585 3202 latebris
1608 3135 1727 3203 factum
1750 3139 1879 3205 animae

244 3240 361 3305 vulnus
384 3238 498 3305 1444144
520 3237 623 3304 morbi
645 3237 820 3303 remedium
843 3237 958 3304 sensit.

335 3344 395 3426 (47)
423 3340 528 3426 Igitur
554 3339 742 3407 criminosus
771 3340 902 3424 qnidam
933 3342 1070 3408 ortulum
1103 3340 1206 3408 444441
1236 3339 1297 3405 4141
1320 3339 1472 3424 exiguum
1495 3341 1625 3426 quidem
1649 3342 1763 3428 spatiis
1786 3343 1881 3408 laetis
1904 3343 1948 3408 Vl

243 3452 352 3512 tamen
375 3445 532 3530 conspicit
553 3443 709 3510 virentem
731 3444 906 3528 holeribus,
933 3445 1112 3529 ampliabat
1134 3445 1163 3511 si
1185 3443 1317 3528 quidem
1339 3445 1402 3511 1441
1424 3444 1593 3528 angustias
1616 3465 1752 3511 amoena
1771 3447 1882 3512 iocun-

193 3549 339 3617 44411444.
387 3547 503 3615 Statim
533 3567 609 3631 ergo
639 3546 739 3613 abaci
768 3554 874 3614 mente
905 3548 982 3614 furti
1014 3548 1139 3614 facinus
1172 3546 1320 3632 concipit.
1377 3549 1585 3632 (4441444444
1614 3548 1759 3616 redditur
1788 3551 1880 3616 444414

244 3671 361 3720 444444
384 3651 450 3718 41141
472 3651 575 3717 444414
598 3651 761 3717 4114441444
784 3650 903 3736 vixque
926 3651 1022 3720 corda
1045 3651 1228 3720 mortalium
1251 3651 1320 3717 alta
1341 3651 1432 3736 quies
1455 3651 1543 3718 dulci
1565 3671 1678 3737 sopore
1698 3652 1877 3737 laxaverat,

244 3777 316 3823 cum
340 3755 396 3822 ille
419 3754 660 3822 accommodum
683 3752 792 3819 fraudi
812 3761 939 3840 tempus
961 3756 1160 3840 amplectens
1176 3755 1302 3840 prosilit
1316 3754 1583 3840 audaeia'plenus
1598 3755 1642 3822 ad
1657 3756 1781 3822 seelera
1797 3757 1881 3823 levi-

243 3879 306 3943 que
333 3859 477 3944 impulsu
507 3877 591 3942 quae
621 3857 791 3923 obstabant
821 3857 1008 3924 cedentibus
1037 3857 1108 3924 adit
1136 3858 1290 3942 ortulum,
1324 3858 1437 3924 holera
1466 3857 1588 3943 diripit,
1621 3859 1711 3926 abire
1734 3859 1877 3943 festinat,

245 3963 304 4030 aed
333 3961 489 4029 divinitus
518 3960 684 4028 retinetur.
738 3962 799 4046 (49)
827 3961 946 4027 Nullus
975 3961 1094 4028 etenim
1124 3961 1290 4028 remeandi
1320 3961 1427 4027 441444
1456 3969 1546 4046 patet
1573 3970 1604 4029 et
1626 3963 1673 4030 ita
1695 3985 1770 4030 reus
1791 3966 1881 4032 tenni

194 4085 226 4126 44
245 4085 323 4152 sepe
353 4065 447 4149 quasi
475 4085 567 4132 muro
597 4064 756 4146 vallatus,
792 4066 912 4148 exigna
941 4085 1070 4150 nanque
1093 4066 1259 4132 obstacula
1281 4066 1372 4131 44144
1393 4065 1479 4130 omni
1503 4073 1682 4133 constructa
1704 4068 1881 4135 munimine

244 4187 388 4234 44444444
409 4167 549 4252 fugienti
570 4168 720 4234 videntur
740 4167 774 4233 14
797 4169 925 4234 molem.
966 4169 1078 4234 Noctis
1094 4189 1171 4253 ergo
1187 4169 1284 4236 totins
1300 4169 1361 4235 iter
1376 4168 1516 4254 spatium
1532 4169 1626 4236 ortuli
1642 4170 1713 4236 fuit.
1753 4171 1881 4238 Interea

244 4289 357 4338 444444
380 4271 462 4338 14414
485 4271 639 4358 splendor
660 4270 814 4338 mundum
830 4271 967 4338 irradiat
981 4271 1129 4354 facieque
1143 4273 1241 4338 rebus
1255 4271 1383 4339 reddita
1396 4272 1491 4338 444414
1506 4273 1562 4337 lux
1576 4271 1673 4339 redit.
1726 4277 1786 4358 (54))
1813 4274 1882 4358 Igi-

244 4381 295 4440 tur
324 4374 438 4440 heatna
469 4374 629 4441 4444414
661 4375 780 4442 cellula
808 4375 864 4442 nbi
893 4375 1009 4460 spretis
1040 4375 1160 4442 somnis
1182 4376 1339 4443 inertibus
1360 4383 1486 4442 noctem
1510 4375 1597 4442 dulci
1618 4376 1828 4444 meditatione
1850 4386 1882 4444 et

245 4484 356 4543 saneto
386 4477 500 4543 labore
529 4485 732 4563 transegerat
761 4499 859 4544 unum
890 4498 909 4544 4
938 4478 1092 4546 fratribus
1116 4486 1209 4545 vocat
1230 4479 1424 4564 mittensque
1446 4479 1480 4544 in
1502 4480 1640 4546 ortulum
1663 4480 1812 4562 mandat,
1846 4489 1882 4547 ut

194 4598 226 4640 44
246 4600 341 4664 quem
376 4579 455 4646 inihi
489 4601 594 4648 errore
628 4581 785 4648 lassatum
820 4602 879 4648 suo
913 4589 946 4648 et
976 4582 1066 4650 velut
1097 4583 1291 4667 quibusdam
1320 4589 1458 4650 artatum
1487 4583 1626 4650 vinculis
1654 4583 1700 4648 ita
1729 4584 1880 4650 innexum

244 4683 375 4750 erimine
404 4685 600 4769 repperisset
621 4686 813 4758 attraheret.
862 4685 959 4752 Haud
989 4707 1078 4754 mora
1107 4686 1150 4768 it,
1184 4687 1324 4772 repperit
1346 4693 1379 4753 et
1400 4686 1542 4753 attrahit.
1594 4688 1656 4772 (51)
1683 4687 1786 4754 Adest
1807 4687 1881 4754 ilico

243 4786 443 4867 criminosus,
472 4787 591 4854 furtum
613 4789 647 4854 in
668 4789 776 4855 medio
798 4789 924 4876 proicit,
951 4791 1053 4874 pedes
1076 4791 1298 4877 complectitur
1320 4790 1507 4858 sacerdotis.
1554 4793 1669 4874 Itaque
1691 4791 1740 4857 414
1761 4791 1880 4878 pietate

483 4965 659 4972 —q——4

331 5061 454 5133 3444441]
473 5065 560 5114 4441
701 5064 877 5134 3144444444]
899 5067 966 5129 Vero.
987 5069 1049 5119 Aea.
1076 5069 1102 5129 V,
1123 5071 1173 5118 847
1311 5067 1344 5119 26
1362 5066 1415 5136 414]
1435 5067 1470 5131 Μ,
1491 5067 1573 5117 1441
1707 5067 1881 5131 2844444143

243 5149 276 5198 29
294 5146 409 5217 quidem]
429 5152 508 5213 spatio
527 5151 586 5203 odd.
605 5154 627 5202 1
783 5153 817 5204 30
837 5155 951 5216 concepit
969 5154 991 5202 Β
1148 5156 1263 5205 redditur
1280 5152 1366 5222 444414]
1384 5155 1420 5217 ef.
1440 5169 1518 5217 supro
1536 5171 1560 5203 4.
1583 5155 1625 5216 13,
1644 5153 1743 5203 reddito
1762 5157 1836 5203 444414
1855 5155 1883 5203 Μ

241 5233 273 5284 31
294 5235 456 5286 4444444814
573 5241 674 5289 41144414
692 5239 762 5288 8111
879 5237 987 5308 uixque]
1008 5243 1041 5305 cf.
1062 5255 1139 5305 supro
1157 5258 1183 5292 4.
1203 5245 1229 5306 4,
1250 5244 1295 5290 nlx
1314 5241 1385 5290 SML
1502 5240 1535 5289 32
1554 5240 1751 5289 commodnt
1855 5249 1881 5290 44

241 5320 376 5369 scelereB
493 5321 526 5374 33
545 5339 609 5388 quae
627 5326 759 5376 obstabant
778 5323 939 5393 cedentibus]
958 5330 1050 5378 4444414
1069 5328 1135 5390 qnod
1153 5328 1307 5378 4444414441
1420 5327 1482 5375 441414
1500 5326 1523 5372 Β
1639 5325 1880 5377 34444414141444

240 5403 379 5475 retinetur]
396 5423 446 5458 om.
464 5408 486 5457 1
624 5413 720 5460 etenim
739 5408 880 5480 remeandi]
898 5418 984 5464 444444
1001 5414 1126 5466 4441444411
1144 5413 1166 5462 1
1302 5420 1328 5462 44
1346 5409 1392 5480 144]
1410 5414 1469 5474 qula
1488 5411 1509 5459 L
1646 5413 1679 5463 35
1698 5414 1808 5462 uallatur
1825 5415 1847 5462 B

239 5489 355 5560 nanque]
366 5493 452 5546 4441
561 5495 595 5547 36
613 5493 908 5564 14414441]41414414.Ιι
1014 5500 1213 5553 31441414441
1318 5497 1650 5550 381444444444444143
1754 5496 1882 5566 4014441]

238 5576 318 5625 11411
419 5577 470 5649 144]
488 5581 578 5631 44411
687 5582 936 5634 41444444444441
1043 5584 1376 5656 14]8,11144411,441141
1482 5583 1592 5644 repperlt
1610 5588 1637 5631 44
1653 5579 1768 5651 attrahit]
1786 5586 1882 5647 reperit

235 5661 358 5716 abstrahit
377 5669 397 5719 L
508 5665 668 5736 4444411144]
686 5668 737 5730 31,
758 5674 788 5718 44
805 5683 868 5720 4444
885 5673 960 5724 enuit
979 5689 1065 5731 eoram
1084 5673 1210 5725 4444441444
1228 5673 1249 5721 Β
1354 5667 1535 5729 4111111118
1555 5667 1577 5714 Β

1639 5769 1684 5822 a*
