4536 6196
934 322 1137 378 nPPnanx.

559 512 649 576 nulla
671 521 856 580 recusarent
877 513 989 598 digiti,
1016 521 1177 598 puteoque
1201 513 1359 598 profundo

477 637 505 675 ro
645 637 728 699 quae
751 637 867 682 manus
890 618 950 682 boe
972 617 1100 702 scripsit
1122 624 1268 702 prompta
1289 619 1412 683 levaret
1433 637 1550 699 aquae

558 719 758 804 protraheret
781 720 862 786 vites
885 726 918 786 et
941 721 1069 787 surcula
1091 720 1205 803 figeret
1227 721 1346 800 bortis,

645 824 823 908 plantaret,
850 824 969 890 coleret
991 823 1086 890 dulce
1108 824 1245 890 libenter
1268 825 1376 889 holus.

559 925 712 1010 splendor
734 932 802 992 erat
823 933 928 992 tecum
951 947 1024 992 mea
1045 927 1190 992 membra
1211 927 1325 992 ardere
1348 927 1484 1010 coquina

646 1036 678 1095 et
699 1029 793 1112 nigra
816 1030 856 1095 dc
879 1050 958 1113 puro
980 1049 1061 1095 vasa
1083 1031 1194 1096 lavare
1217 1029 1302 1096 lacu.

494 1157 506 1193 s.
559 1131 633 1196 bine
655 1133 713 1198 tibi
736 1153 820 1198 nuno
841 1133 960 1198 absens
983 1133 1128 1199 Marcelli
1152 1154 1285 1199 munera
1307 1133 1396 1214 misi,

646 1236 698 1302 cui
720 1235 810 1301 dedit
831 1238 996 1303 excelsum
1018 1237 1084 1302 vita
1106 1238 1202 1302 beato
1224 1238 1349 1318 locum,

560 1346 593 1404 et
615 1340 643 1404 si
665 1339 860 1424 displiceant
880 1340 1013 1423 indigno
1035 1340 1135 1405 verba
1157 1341 1278 1424 relatu,
1325 1422 1327 1426 Ι

647 1444 858 1528 conplaceant
880 1444 987 1510 animo
1010 1444 1104 1527 signa
1127 1463 1266 1529 superna
1288 1452 1353 1509 tuo,

561 1546 607 1611 sis
629 1547 790 1630 longaeva
812 1547 890 1612 mihi
913 1569 984 1612 curn
1007 1555 1085 1613 nata
1107 1555 1139 1613 et
1160 1567 1265 1614 messe
1288 1567 1447 1624 sororum,

605 1697 616 1722 .
647 1651 853 1735 virgineoque
876 1651 971 1717 choro
995 1658 1118 1717 creseat
1139 1652 1223 1717 ovile
1247 1651 1309 1716 dei.

561 1755 589 1819 si
612 1760 667 1820 tua
688 1756 787 1820 verba
810 1755 920 1834 dares,
948 1761 1058 1821 essent
1078 1755 1151 1838 plus
1175 1755 1283 1820 dulcia
1305 1776 1400 1839 quarn
1424 1755 1450 1819 si

646 1857 776 1923 floribus
800 1859 911 1923 electis
934 1859 1032 1923 mella
1055 1857 1199 1924 dedisset
1220 1879 1311 1943 apes.

986 2151 1098 2216 XXIII

933 2291 1024 2366 Item
1051 2290 1149 2365 aliud

561 2461 708 2526 Flumine
730 2468 880 2527 nectareo
902 2460 1025 2525 meritis
1047 2461 1125 2525 mihi
1148 2461 1273 2527 dulcior
1295 2463 1422 2543 Agnes,

577 2647 584 2660 ι
646 2586 742 2648 quam
765 2571 933 2648 praesente
956 2563 1017 2629 deo
1039 2570 1185 2649 pectore,
1212 2572 1317 2632 mente
1340 2566 1427 2648 eolo,

560 2668 670 2752 aspice
692 2689 789 2752 quam
812 2668 909 2733 celeri
931 2673 1094 2732 mutantur
1117 2675 1231 2735 cuncta
1252 2675 1376 2750 rotatu,

647 2771 723 2836 dum
746 2771 845 2836 veluti
867 2770 976 2855 pinnis
998 2777 1144 2855 tempora
1166 2778 1274 2837 nostra
1297 2773 1417 2838 volant.

494 2899 506 2936 t
561 2875 689 2941 casibus
710 2874 840 2941 incertis
864 2873 1021 2959 scripulos
1043 2874 1206 2940 nescimus
1229 2883 1261 2940 et
1282 2876 1395 2950 horas;

646 2998 717 3043 cras
740 2977 783 3042 sit
805 2977 898 3042 bomo
920 2997 963 3041 an
984 2997 1048 3043 non
1071 2979 1113 3044 sit
1134 2977 1205 3061 quis
1229 2977 1319 3044 dabit
1340 2977 1416 3044 iude
1439 2978 1559 3044 fideml

560 3081 682 3147 arboris
704 3080 863 3165 oppressit
884 3080 980 3145 hodie
1003 3079 1058 3144 nix
1081 3082 1149 3147 alta
1172 3102 1324 3147 cacumen

646 3183 790 3267 duraque
812 3203 972 3249 ramorum
994 3183 1127 3249 brachia
1150 3191 1260 3250 curvat
1282 3185 1405 3251 biems:

560 3287 700 3353 crastina
721 3287 802 3352 forte
827 3287 896 3352 dies
920 3307 999 3371 puro
1024 3287 1051 3352 si
1074 3287 1201 3354 fulserit
1224 3295 1311 3370 ortu,

646 3390 673 3455 si
696 3411 760 3472 qua
781 3390 897 3474 pruina
918 3390 1016 3468 iacet,
1048 3391 1115 3456 sole
1139 3390 1263 3456 calente
1286 3391 1397 3476 liquet.

560 3493 607 3558 sic
628 3513 753 3576 quoque
777 3513 867 3558 urens
890 3492 1053 3557 bominum
1076 3493 1174 3558 dubio
1197 3494 1238 3559 de
1261 3493 1324 3560 fine
1348 3495 1461 3561 salutis

644 3597 772 3680 ignorat
794 3604 947 3680 quantum
971 3596 1079 3661 vivere
1102 3597 1170 3662 vita
1192 3604 1301 3680 queat.

560 3699 617 3765 sed
640 3700 789 3783 quoniam
812 3700 901 3765 vario
923 3707 1144 3766 transcurrunt
1166 3701 1274 3766 omnia
1296 3700 1409 3787 lapsu,

646 3822 741 3886 quem
763 3823 936 3887 numquam
959 3803 1077 3888 perdas
1101 3801 1201 3888 dilige
1224 3804 1319 3870 corde
1343 3823 1463 3888 sagax:

494 3933 506 3970 r,
560 3907 603 3972 sit
623 3906 683 3972 tibi
705 3906 852 3972 Christus
874 3906 992 3989 bonor,
1019 3905 1164 3972 Christus
1188 3927 1280 3992 spes,
1307 3907 1453 3974 Christus
1476 3916 1614 3988 amator,

646 4009 681 4074 in
704 4009 772 4074 solo
796 4028 922 4094 semper
944 4009 1008 4092 lige
1031 4009 1146 4075 salutis
1169 4031 1281 4096 opem;

559 4113 755 4198 temporibus
778 4114 900 4179 cunctIs
923 4113 1008 4178 bunc
1029 4133 1087 4199 per
1108 4120 1164 4179 tua
1185 4115 1312 4181 viscera
1333 4114 1445 4181 volve:

647 4217 693 4282 sle
716 4235 833 4302 sponso
857 4222 986 4283 servent
1007 4217 1152 4284 membra
1173 4218 1293 4304 pudiea
1315 4217 1424 4284 fidem.

560 4321 588 4385 si
611 4339 707 4406 sopor
728 4320 881 4406 obripiat,
909 4320 1130 4388 retinendum
1153 4329 1282 4408 pectore
1305 4321 1466 4389 Christum

646 4431 788 4510 tempore
812 4424 871 4489 sub
894 4424 997 4490 noctis
1020 4424 1151 4490 luminis
1172 4446 1263 4490 arma
1284 4425 1387 4509 geris:

559 4527 653 4593 illum
675 4535 782 4594 mente
805 4528 914 4593 colens
937 4548 1026 4593 muro
1049 4529 1162 4594 tutaris
1185 4529 1291 4615 opimo

648 4638 680 4698 et
702 4632 728 4696 si
752 4631 832 4698 latro
855 4631 949 4714 furit,
975 4653 1039 4717 pax
1062 4639 1117 4697 tua
1139 4632 1236 4698 eorda
1257 4633 1347 4716 tegit.

561 4735 658 4800 huius
679 4737 713 4799 in
735 4734 886 4819 amplexu
909 4741 941 4800 te
963 4741 1061 4801 totam
1085 4735 1214 4801 effunde
1237 4734 1387 4800 licenter:

647 4838 741 4904 illum
762 4838 910 4922 quisquis
933 4839 1031 4905 babet
1053 4839 1186 4904 erimina
1209 4839 1301 4904 nulla
1320 4839 1422 4906 timet.

478 4967 508 5007 rt
562 4943 622 5007 hoc
643 4961 705 5026 age
728 4949 780 5024 ut,
806 4941 850 5006 ad
871 4942 1033 5009 thalamos
1056 4964 1128 5008 cum
1151 4941 1277 5010 venerit
1297 4943 1419 5009 arbiter
1440 4943 1540 5024 orbis,

648 5045 825 5112 visceribus
847 5047 936 5132 puris
957 5046 1155 5114 inmaculata
1176 5045 1291 5126 mices;

299 5296 330 5345 lo
348 5299 447 5360 promta
587 5292 614 5342 li
638 5291 732 5340 sarcula
874 5288 904 5339 1³
924 5291 1009 5340 ardere
1028 5288 1147 5359 coquina]
1165 5293 1262 5342 tradere
1280 5295 1387 5355 coelura,
1408 5293 1443 5353 cs.
1468 5293 1511 5355 Vl,
1532 5295 1558 5356 8,
1578 5296 1594 5340 9
1728 5291 1758 5340 17
1778 5295 1854 5343 uerba

227 5379 380 5449 Groernrdus]
398 5385 476 5431 uerbo
580 5378 613 5428 20
632 5378 703 5426 eboro
722 5374 876 5444 duorardus]
895 5377 965 5428 thoro
1070 5375 1174 5445 crescat]
1192 5385 1278 5441 restat,
1299 5379 1335 5440 cs.
1354 5380 1380 5442 V,
1401 5383 1426 5442 2,
1447 5381 1481 5427 ⁶5

297 5470 385 5517 xxm
458 5467 482 5515 Σ
498 5468 520 5530 s.
536 5463 582 5516 56⁰
669 5463 779 5524 sporus
792 5467 917 5514 nescimus
930 5467 1037 5527 seripula
1049 5472 1076 5516 et
1088 5467 1169 5527 boras,
1189 5465 1224 5527 es.
1239 5467 1291 5528 111,
1308 5468 1332 5528 9,
1349 5469 1381 5515 12
1463 5463 1556 5525 dfert.
1572 5465 1640 5514 unde
1721 5465 1854 5528 8blepma

227 5555 259 5604 Id
277 5558 358 5618 ltquet
380 5550 531 5620 duorardus]
549 5551 631 5614 liqultl
755 5549 785 5598 19
804 5551 912 5612 obripiat
926 5565 971 5612 pro
989 5553 1091 5614 obrepat
1108 5553 1144 5614 cs.
1166 5553 1195 5614 Χ,
1218 5553 1241 5614 9,
1265 5557 1295 5610 1,·
1321 5552 1346 5601 V.
1370 5551 1404 5601 Μ.
1429 5551 1473 5614 IV,
1496 5555 1511 5598 b
1633 5551 1665 5599 25
1684 5552 1713 5600 ad
1732 5553 1853 5603 thalamos

229 5638 383 5706 Grmurdar]
400 5641 465 5689 adas
483 5641 522 5688 ala
540 5653 593 5686 mos
698 5633 730 5684 26
749 5637 885 5685 inmaculat
901 5639 992 5689 amices
