<?xml version="1.0" encoding="UTF-8"?>
<!DOCTYPE html PUBLIC "-//W3C//DTD XHTML 1.0 Transitional//EN"
    "http://www.w3.org/TR/xhtml1/DTD/xhtml1-transitional.dtd">
<html xmlns="http://www.w3.org/1999/xhtml" xml:lang="en" lang="en">
 <head>
  <title>
</title>
<meta http-equiv="Content-Type" content="text/html;charset=utf-8" />
  <meta name='ocr-system' content='tesseract 3.04.00' />
  <meta name='ocr-capabilities' content='ocr_page ocr_carea ocr_par ocr_line ocrx_word'/>
</head>
<body>
  <div class='ocr_page' id='page_1' title='image "./monumentagerman00mittgoog_0207.png"; bbox 0 0 4506 6248; ppageno 0'>
   <div class='ocr_carea' id='block_1_1' title="bbox 990 286 1401 348">
    <p class='ocr_par' dir='ltr' id='par_1_1' title="bbox 990 286 1401 348">
     <span class='ocr_line' id='line_1_1' title="bbox 990 286 1401 348; baseline 0.007 -6"><span class='ocrx_word' id='word_1_1' title='bbox 990 286 1163 346; x_wconf 80' lang='lat' dir='ltr'><strong>vsuAuTI</strong></span> <span class='ocrx_word' id='word_1_2' title='bbox 1182 287 1401 348; x_wconf 79' lang='lat' dir='ltr'>FORTVNATI</span> 
     </span>
    </p>
   </div>
   <div class='ocr_carea' id='block_1_2' title="bbox 633 476 1582 1490">
    <p class='ocr_par' dir='ltr' id='par_1_2' title="bbox 633 476 1582 1490">
     <span class='ocr_line' id='line_1_2' title="bbox 715 476 1459 562; baseline 0.007 -23"><span class='ocrx_word' id='word_1_3' title='bbox 715 495 772 559; x_wconf 90' lang='lat' dir='ltr'><strong>pro</strong></span> <span class='ocrx_word' id='word_1_4' title='bbox 794 476 920 560; x_wconf 79' lang='lat' dir='ltr'>patriae</span> <span class='ocrx_word' id='word_1_5' title='bbox 942 476 1025 544; x_wconf 85' lang='lat' dir='ltr'><strong>votis</strong></span> <span class='ocrx_word' id='word_1_6' title='bbox 1047 484 1081 544; x_wconf 88' lang='lat' dir='ltr'><strong>ot</strong></span> <span class='ocrx_word' id='word_1_7' title='bbox 1101 497 1218 562; x_wconf 86' lang='lat' dir='ltr'><strong>magno</strong></span> <span class='ocrx_word' id='word_1_8' title='bbox 1239 477 1328 562; x_wconf 86' lang='lat' dir='ltr'><strong>regis</strong></span> <span class='ocrx_word' id='word_1_9' title='bbox 1349 499 1459 545; x_wconf 88' lang='lat' dir='ltr'><strong>amore</strong></span> 
     </span>
     <span class='ocr_line' id='line_1_3' title="bbox 633 579 1491 662; baseline 0.003 -19"><span class='ocrx_word' id='word_1_10' title='bbox 633 597 662 637; x_wconf 80' lang='lat' dir='ltr'><strong>oo</strong></span> <span class='ocrx_word' id='word_1_11' title='bbox 801 599 863 662; x_wconf 89' lang='lat' dir='ltr'><strong>quo</strong></span> <span class='ocrx_word' id='word_1_12' title='bbox 885 579 949 647; x_wconf 92' lang='lat' dir='ltr'><strong>duo</strong></span> <span class='ocrx_word' id='word_1_13' title='bbox 971 586 1118 646; x_wconf 86' lang='lat' dir='ltr'><strong>natorum</strong></span> <span class='ocrx_word' id='word_1_14' title='bbox 1142 580 1257 648; x_wconf 86' lang='lat' dir='ltr'><strong>funera</strong></span> <span class='ocrx_word' id='word_1_15' title='bbox 1278 601 1355 648; x_wconf 84' lang='lat' dir='ltr'><strong>cora</strong></span> <span class='ocrx_word' id='word_1_16' title='bbox 1375 582 1491 648; x_wconf 86' lang='lat' dir='ltr'><strong>iacent.</strong></span> 
     </span>
     <span class='ocr_line' id='line_1_4' title="bbox 716 683 1562 768; baseline 0.006 -22"><span class='ocrx_word' id='word_1_17' title='bbox 716 700 776 746; x_wconf 92' lang='lat' dir='ltr'><strong>nec</strong></span> <span class='ocrx_word' id='word_1_18' title='bbox 798 683 940 765; x_wconf 85' lang='lat' dir='ltr'><strong>graviter</strong></span> <span class='ocrx_word' id='word_1_19' title='bbox 962 684 1074 750; x_wconf 78' lang='lat' dir='ltr'><strong>doleas</strong></span> <span class='ocrx_word' id='word_1_20' title='bbox 1097 683 1253 750; x_wconf 86' lang='lat' dir='ltr'><strong>cecidisse</strong></span> <span class='ocrx_word' id='word_1_21' title='bbox 1276 685 1413 752; x_wconf 83' lang='lat' dir='ltr'><strong>viriliter</strong></span> <span class='ocrx_word' id='word_1_22' title='bbox 1433 687 1562 768; x_wconf 85' lang='lat' dir='ltr'><strong>ambos,</strong></span> 
     </span>
     <span class='ocr_line' id='line_1_5' title="bbox 802 784 1552 872; baseline 0.007 -23"><span class='ocrx_word' id='word_1_23' title='bbox 802 804 876 850; x_wconf 89' lang='lat' dir='ltr'><strong>nam</strong></span> <span class='ocrx_word' id='word_1_24' title='bbox 898 806 955 870; x_wconf 92' lang='lat' dir='ltr'><strong>pro</strong></span> <span class='ocrx_word' id='word_1_25' title='bbox 977 785 1075 852; x_wconf 87' lang='lat' dir='ltr'><strong>laude</strong></span> <span class='ocrx_word' id='word_1_26' title='bbox 1097 784 1177 852; x_wconf 88' lang='lat' dir='ltr'><strong>mori</strong></span> <span class='ocrx_word' id='word_1_27' title='bbox 1199 787 1309 854; x_wconf 84' lang='lat' dir='ltr'><strong>vivere</strong></span> <span class='ocrx_word' id='word_1_28' title='bbox 1331 807 1458 872; x_wconf 77' lang='lat' dir='ltr'>semper</span> <span class='ocrx_word' id='word_1_29' title='bbox 1479 789 1552 856; x_wconf 85' lang='lat' dir='ltr'><strong>erit.</strong></span> 
     </span>
     <span class='ocr_line' id='line_1_6' title="bbox 715 887 1437 958; baseline 0.008 -6"><span class='ocrx_word' id='word_1_30' title='bbox 715 887 871 952; x_wconf 81' lang='lat' dir='ltr'><strong>laetitiam</strong></span> <span class='ocrx_word' id='word_1_31' title='bbox 893 888 1002 954; x_wconf 89' lang='lat' dir='ltr'><strong>vultus</strong></span> <span class='ocrx_word' id='word_1_32' title='bbox 1025 888 1122 954; x_wconf 85' lang='lat' dir='ltr'><strong>hilari</strong></span> <span class='ocrx_word' id='word_1_33' title='bbox 1143 889 1297 957; x_wconf 84' lang='lat' dir='ltr'><strong>diffundit</strong></span> <span class='ocrx_word' id='word_1_34' title='bbox 1317 890 1359 956; x_wconf 87' lang='lat' dir='ltr'><strong>ab</strong></span> <span class='ocrx_word' id='word_1_35' title='bbox 1381 911 1437 958; x_wconf 83' lang='lat' dir='ltr'><strong>ore</strong></span> 
     </span>
     <span class='ocr_line' id='line_1_7' title="bbox 802 989 1501 1077; baseline 0.009 -23"><span class='ocrx_word' id='word_1_36' title='bbox 802 995 835 1055; x_wconf 89' lang='lat' dir='ltr'><strong>ct</strong></span> <span class='ocrx_word' id='word_1_37' title='bbox 856 989 925 1056; x_wconf 89' lang='lat' dir='ltr'><strong>sine</strong></span> <span class='ocrx_word' id='word_1_38' title='bbox 946 991 1032 1057; x_wconf 91' lang='lat' dir='ltr'><strong>nube</strong></span> <span class='ocrx_word' id='word_1_39' title='bbox 1054 990 1154 1056; x_wconf 89' lang='lat' dir='ltr'><strong>animi</strong></span> <span class='ocrx_word' id='word_1_40' title='bbox 1176 991 1297 1075; x_wconf 87' lang='lat' dir='ltr'><strong>gaudia</strong></span> <span class='ocrx_word' id='word_1_41' title='bbox 1318 992 1385 1059; x_wconf 84' lang='lat' dir='ltr'><strong>fida</strong></span> <span class='ocrx_word' id='word_1_42' title='bbox 1405 994 1501 1077; x_wconf 84' lang='lat' dir='ltr'><strong>gerit.</strong></span> 
     </span>
     <span class='ocr_line' id='line_1_8' title="bbox 633 1091 1484 1181; baseline 0.013 -29"><span class='ocrx_word' id='word_1_43' title='bbox 633 1113 663 1152; x_wconf 76' lang='lat' dir='ltr'><strong>ao</strong></span> <span class='ocrx_word' id='word_1_44' title='bbox 716 1091 884 1158; x_wconf 84' lang='lat' dir='ltr'><strong>munificus</strong></span> <span class='ocrx_word' id='word_1_45' title='bbox 906 1094 1029 1160; x_wconf 85' lang='lat' dir='ltr'><strong>cunctis</strong></span> <span class='ocrx_word' id='word_1_46' title='bbox 1050 1094 1179 1178; x_wconf 82' lang='lat' dir='ltr'><strong>largiris</strong></span> <span class='ocrx_word' id='word_1_47' title='bbox 1201 1095 1303 1162; x_wconf 88' lang='lat' dir='ltr'><strong>multa</strong></span> <span class='ocrx_word' id='word_1_48' title='bbox 1324 1095 1484 1181; x_wconf 86' lang='lat' dir='ltr'><strong>benignus</strong></span> 
     </span>
     <span class='ocr_line' id='line_1_9' title="bbox 787 1194 1511 1282; baseline 0.006 -22"><span class='ocrx_word' id='word_1_49' title='bbox 787 1202 836 1261; x_wconf 70' lang='lat' dir='ltr'><strong>‘et</strong></span> <span class='ocrx_word' id='word_1_50' title='bbox 856 1194 939 1262; x_wconf 85' lang='lat' dir='ltr'><strong>lacis</strong></span> <span class='ocrx_word' id='word_1_51' title='bbox 959 1195 1129 1264; x_wconf 89' lang='lat' dir='ltr'><strong>adstrictos</strong></span> <span class='ocrx_word' id='word_1_52' title='bbox 1151 1218 1211 1282; x_wconf 84' lang='lat' dir='ltr'><strong>per</strong></span> <span class='ocrx_word' id='word_1_53' title='bbox 1231 1205 1287 1264; x_wconf 88' lang='lat' dir='ltr'><strong>tua</strong></span> <span class='ocrx_word' id='word_1_54' title='bbox 1308 1197 1393 1266; x_wconf 87' lang='lat' dir='ltr'><strong>dona</strong></span> <span class='ocrx_word' id='word_1_55' title='bbox 1414 1199 1511 1265; x_wconf 86' lang='lat' dir='ltr'><strong>viros.</strong></span> 
     </span>
     <span class='ocr_line' id='line_1_10' title="bbox 717 1298 1511 1384; baseline 0.008 -22"><span class='ocrx_word' id='word_1_56' title='bbox 717 1298 759 1364; x_wconf 91' lang='lat' dir='ltr'><strong>sit</strong></span> <span class='ocrx_word' id='word_1_57' title='bbox 779 1298 838 1363; x_wconf 92' lang='lat' dir='ltr'><strong>tibi</strong></span> <span class='ocrx_word' id='word_1_58' title='bbox 859 1299 960 1382; x_wconf 88' lang='lat' dir='ltr'><strong>longa</strong></span> <span class='ocrx_word' id='word_1_59' title='bbox 981 1301 1070 1365; x_wconf 83' lang='lat' dir='ltr'><strong>saluo</strong></span> <span class='ocrx_word' id='word_1_60' title='bbox 1092 1299 1230 1384; x_wconf 87' lang='lat' dir='ltr'><strong>placidis</strong></span> <span class='ocrx_word' id='word_1_61' title='bbox 1252 1300 1378 1368; x_wconf 85' lang='lat' dir='ltr'><strong>felicius</strong></span> <span class='ocrx_word' id='word_1_62' title='bbox 1400 1303 1511 1384; x_wconf 86' lang='lat' dir='ltr'><strong>annis,</strong></span> 
     </span>
     <span class='ocr_line' id='line_1_11' title="bbox 803 1403 1582 1490; baseline 0.008 -26"><span class='ocrx_word' id='word_1_63' title='bbox 803 1407 900 1484; x_wconf 82' lang='lat' dir='ltr'><strong>atque</strong></span> <span class='ocrx_word' id='word_1_64' title='bbox 922 1419 1016 1467; x_wconf 89' lang='lat' dir='ltr'><strong>suum</strong></span> <span class='ocrx_word' id='word_1_65' title='bbox 1038 1409 1166 1488; x_wconf 83' lang='lat' dir='ltr'><strong>reparet</strong></span> <span class='ocrx_word' id='word_1_66' title='bbox 1187 1403 1294 1488; x_wconf 87' lang='lat' dir='ltr'><strong>proles</strong></span> <span class='ocrx_word' id='word_1_67' title='bbox 1317 1404 1424 1490; x_wconf 87' lang='lat' dir='ltr'><strong>opima</strong></span> <span class='ocrx_word' id='word_1_68' title='bbox 1446 1412 1582 1490; x_wconf 86' lang='lat' dir='ltr'><strong>patrem</strong></span> 
     </span>
    </p>
   </div>
   <div class='ocr_carea' id='block_1_3' title="bbox 1027 1659 1362 1856">
    <p class='ocr_par' dir='ltr' id='par_1_3' title="bbox 1027 1659 1362 1856">
     <span class='ocr_line' id='line_1_12' title="bbox 1146 1659 1239 1725; baseline 0.011 -1"><span class='ocrx_word' id='word_1_69' title='bbox 1146 1659 1239 1725; x_wconf 85' lang='lat' dir='ltr'>XVII</span> 
     </span>
     <span class='ocr_line' id='line_1_13' title="bbox 1027 1778 1362 1856; baseline 0.006 -2"><span class='ocrx_word' id='word_1_70' title='bbox 1027 1779 1087 1854; x_wconf 89' lang='lat' dir='ltr'><strong>Ad</strong></span> <span class='ocrx_word' id='word_1_71' title='bbox 1114 1778 1362 1856; x_wconf 83' lang='lat' dir='ltr'><strong>Gunduarium</strong></span> 
     </span>
    </p>
   </div>
   <div class='ocr_carea' id='block_1_4' title="bbox 633 1949 1767 3781">
    <p class='ocr_par' dir='ltr' id='par_1_4' title="bbox 717 1949 1544 2138">
     <span class='ocr_line' id='line_1_14' title="bbox 717 1949 1464 2037; baseline 0.007 -24"><span class='ocrx_word' id='word_1_72' title='bbox 717 1949 752 2014; x_wconf 87' lang='lat' dir='ltr'><strong>Si</strong></span> <span class='ocrx_word' id='word_1_73' title='bbox 774 1949 865 2034; x_wconf 90' lang='lat' dir='ltr'><strong>prodi</strong></span> <span class='ocrx_word' id='word_1_74' title='bbox 888 1949 995 2016; x_wconf 86' lang='lat' dir='ltr'><strong>verbis</strong></span> <span class='ocrx_word' id='word_1_75' title='bbox 1018 1951 1153 2016; x_wconf 86' lang='lat' dir='ltr'><strong>affectus</strong></span> <span class='ocrx_word' id='word_1_76' title='bbox 1175 1957 1286 2035; x_wconf 92' lang='lat' dir='ltr'><strong>posset</strong></span> <span class='ocrx_word' id='word_1_77' title='bbox 1308 1953 1464 2037; x_wconf 86' lang='lat' dir='ltr'><strong>amantis,</strong></span> 
     </span>
     <span class='ocr_line' id='line_1_15' title="bbox 801 2052 1544 2138; baseline 0.005 -21"><span class='ocrx_word' id='word_1_78' title='bbox 801 2052 944 2118; x_wconf 87' lang='lat' dir='ltr'><strong>carmina</strong></span> <span class='ocrx_word' id='word_1_79' title='bbox 966 2053 1060 2137; x_wconf 90' lang='lat' dir='ltr'><strong>plura</strong></span> <span class='ocrx_word' id='word_1_80' title='bbox 1080 2053 1141 2120; x_wconf 88' lang='lat' dir='ltr'><strong>tibi</strong></span> <span class='ocrx_word' id='word_1_81' title='bbox 1163 2054 1284 2138; x_wconf 89' lang='lat' dir='ltr'><strong>pagina</strong></span> <span class='ocrx_word' id='word_1_82' title='bbox 1305 2063 1415 2121; x_wconf 89' lang='lat' dir='ltr'><strong>nostra</strong></span> <span class='ocrx_word' id='word_1_83' title='bbox 1441 2056 1544 2123; x_wconf 85' lang='lat' dir='ltr'><strong>daret.</strong></span> 
     </span>
    </p>

    <p class='ocr_par' dir='ltr' id='par_1_5' title="bbox 716 2154 1767 2344">
     <span class='ocr_line' id='line_1_16' title="bbox 716 2154 1767 2244; baseline 0.007 -24"><span class='ocrx_word' id='word_1_84' title='bbox 716 2154 775 2221; x_wconf 90' lang='lat' dir='ltr'><strong>sed</strong></span> <span class='ocrx_word' id='word_1_85' title='bbox 797 2155 882 2238; x_wconf 92' lang='lat' dir='ltr'><strong>quod</strong></span> <span class='ocrx_word' id='word_1_86' title='bbox 904 2157 945 2221; x_wconf 86' lang='lat' dir='ltr'><strong>ab</strong></span> <span class='ocrx_word' id='word_1_87' title='bbox 966 2176 1021 2221; x_wconf 89' lang='lat' dir='ltr'><strong>ore</strong></span> <span class='ocrx_word' id='word_1_88' title='bbox 1043 2156 1132 2238; x_wconf 87' lang='lat' dir='ltr'><strong>loqui</strong></span> <span class='ocrx_word' id='word_1_89' title='bbox 1154 2177 1280 2240; x_wconf 79' lang='lat' dir='ltr'>nequeo</span> <span class='ocrx_word' id='word_1_90' title='bbox 1302 2156 1388 2241; x_wconf 91' lang='lat' dir='ltr'><strong>quod</strong></span> <span class='ocrx_word' id='word_1_91' title='bbox 1410 2166 1537 2243; x_wconf 88' lang='lat' dir='ltr'><strong>pectore</strong></span> <span class='ocrx_word' id='word_1_92' title='bbox 1559 2159 1691 2244; x_wconf 88' lang='lat' dir='ltr'><strong>claudo,</strong></span> <span class='ocrx_word' id='word_1_93' title='bbox 1759 2177 1767 2196; x_wconf 82' lang='lat'><strong><em>‘</em></strong></span> 
     </span>
     <span class='ocr_line' id='line_1_17' title="bbox 803 2257 1561 2344; baseline 0.007 -22"><span class='ocrx_word' id='word_1_94' title='bbox 803 2257 845 2322; x_wconf 87' lang='lat' dir='ltr'><strong>sit</strong></span> <span class='ocrx_word' id='word_1_95' title='bbox 866 2257 945 2323; x_wconf 89' lang='lat' dir='ltr'><strong>satis</strong></span> <span class='ocrx_word' id='word_1_96' title='bbox 968 2278 1009 2324; x_wconf 81' lang='lat' dir='ltr'><strong>en</strong></span> <span class='ocrx_word' id='word_1_97' title='bbox 1030 2258 1140 2324; x_wconf 92' lang='lat' dir='ltr'><strong>multis</strong></span> <span class='ocrx_word' id='word_1_98' title='bbox 1162 2259 1215 2324; x_wconf 87' lang='lat' dir='ltr'><strong>vel</strong></span> <span class='ocrx_word' id='word_1_99' title='bbox 1238 2258 1331 2325; x_wconf 92' lang='lat' dir='ltr'><strong>modo</strong></span> <span class='ocrx_word' id='word_1_100' title='bbox 1353 2281 1457 2344; x_wconf 88' lang='lat' dir='ltr'><strong>pauca</strong></span> <span class='ocrx_word' id='word_1_101' title='bbox 1479 2260 1561 2327; x_wconf 88' lang='lat' dir='ltr'><strong>dari.</strong></span> 
     </span>
    </p>

    <p class='ocr_par' dir='ltr' id='par_1_6' title="bbox 650 2360 1565 2650">
     <span class='ocr_line' id='line_1_18' title="bbox 650 2360 1534 2448; baseline 0.01 -28"><span class='ocrx_word' id='word_1_102' title='bbox 650 2381 663 2420; x_wconf 81' lang='lat' dir='ltr'><strong>s</strong></span> <span class='ocrx_word' id='word_1_103' title='bbox 716 2380 790 2424; x_wconf 87' lang='lat' dir='ltr'><strong>nam</strong></span> <span class='ocrx_word' id='word_1_104' title='bbox 813 2360 842 2425; x_wconf 90' lang='lat' dir='ltr'><strong>si</strong></span> <span class='ocrx_word' id='word_1_105' title='bbox 863 2360 1018 2445; x_wconf 79' lang='lat' dir='ltr'><strong>respicias</strong></span> <span class='ocrx_word' id='word_1_106' title='bbox 1040 2367 1148 2426; x_wconf 88' lang='lat' dir='ltr'><strong>votum</strong></span> <span class='ocrx_word' id='word_1_107' title='bbox 1171 2382 1230 2447; x_wconf 89' lang='lat' dir='ltr'><strong>per</strong></span> <span class='ocrx_word' id='word_1_108' title='bbox 1250 2363 1350 2429; x_wconf 89' lang='lat' dir='ltr'><strong>verba</strong></span> <span class='ocrx_word' id='word_1_109' title='bbox 1372 2363 1534 2448; x_wconf 86' lang='lat' dir='ltr'><strong>canentis,</strong></span> 
     </span>
     <span class='ocr_line' id='line_1_19' title="bbox 803 2462 1488 2548; baseline 0.007 -22"><span class='ocrx_word' id='word_1_110' title='bbox 803 2464 978 2528; x_wconf 83' lang='lat' dir='ltr'><strong>malueram</strong></span> <span class='ocrx_word' id='word_1_111' title='bbox 1000 2462 1106 2528; x_wconf 88' lang='lat' dir='ltr'><strong>maius</strong></span> <span class='ocrx_word' id='word_1_112' title='bbox 1128 2463 1184 2547; x_wconf 90' lang='lat' dir='ltr'><strong>qui</strong></span> <span class='ocrx_word' id='word_1_113' title='bbox 1205 2463 1265 2529; x_wconf 89' lang='lat' dir='ltr'><strong>tibi</strong></span> <span class='ocrx_word' id='word_1_114' title='bbox 1286 2485 1388 2548; x_wconf 89' lang='lat' dir='ltr'><strong>parva</strong></span> <span class='ocrx_word' id='word_1_115' title='bbox 1409 2465 1488 2532; x_wconf 81' lang='lat' dir='ltr'><strong>fero.</strong></span> 
     </span>
     <span class='ocr_line' id='line_1_20' title="bbox 716 2565 1565 2650; baseline 0.005 -20"><span class='ocrx_word' id='word_1_116' title='bbox 716 2565 891 2649; x_wconf 79' lang='lat' dir='ltr'><strong>aspicimus</strong></span> <span class='ocrx_word' id='word_1_117' title='bbox 914 2585 1044 2630; x_wconf 88' lang='lat' dir='ltr'><strong>sensum</strong></span> <span class='ocrx_word' id='word_1_118' title='bbox 1066 2572 1166 2632; x_wconf 85' lang='lat' dir='ltr'><strong>totum</strong></span> <span class='ocrx_word' id='word_1_119' title='bbox 1187 2565 1223 2632; x_wconf 91' lang='lat' dir='ltr'><strong>in</strong></span> <span class='ocrx_word' id='word_1_120' title='bbox 1246 2566 1418 2634; x_wconf 80' lang='lat' dir='ltr'><strong>dulcedine</strong></span> <span class='ocrx_word' id='word_1_121' title='bbox 1440 2569 1565 2650; x_wconf 85' lang='lat' dir='ltr'><strong>susum,</strong></span> 
     </span>
    </p>

    <p class='ocr_par' dir='ltr' id='par_1_7' title="bbox 633 2668 1661 3781">
     <span class='ocr_line' id='line_1_21' title="bbox 803 2668 1560 2750; baseline 0.008 -19"><span class='ocrx_word' id='word_1_122' title='bbox 803 2687 865 2750; x_wconf 92' lang='lat' dir='ltr'><strong>quo</strong></span> <span class='ocrx_word' id='word_1_123' title='bbox 888 2668 958 2733; x_wconf 87' lang='lat' dir='ltr'><strong>sinc</strong></span> <span class='ocrx_word' id='word_1_124' title='bbox 980 2669 1065 2734; x_wconf 92' lang='lat' dir='ltr'><strong>nube</strong></span> <span class='ocrx_word' id='word_1_125' title='bbox 1088 2668 1154 2734; x_wconf 94' lang='lat' dir='ltr'><strong>doli</strong></span> <span class='ocrx_word' id='word_1_126' title='bbox 1176 2669 1272 2735; x_wconf 89' lang='lat' dir='ltr'><strong>corda</strong></span> <span class='ocrx_word' id='word_1_127' title='bbox 1295 2688 1409 2736; x_wconf 87' lang='lat' dir='ltr'><strong>serena</strong></span> <span class='ocrx_word' id='word_1_128' title='bbox 1430 2672 1560 2740; x_wconf 89' lang='lat' dir='ltr'><strong>micant.</strong></span> 
     </span>
     <span class='ocr_line' id='line_1_22' title="bbox 716 2770 1548 2856; baseline 0.006 -22"><span class='ocrx_word' id='word_1_129' title='bbox 716 2790 795 2854; x_wconf 93' lang='lat' dir='ltr'><strong>puro</strong></span> <span class='ocrx_word' id='word_1_130' title='bbox 818 2771 905 2836; x_wconf 85' lang='lat' dir='ltr'><strong>sonte</strong></span> <span class='ocrx_word' id='word_1_131' title='bbox 928 2770 1038 2854; x_wconf 87' lang='lat' dir='ltr'><strong>rigans</strong></span> <span class='ocrx_word' id='word_1_132' title='bbox 1060 2779 1171 2838; x_wconf 86' lang='lat' dir='ltr'><strong>nectar</strong></span> <span class='ocrx_word' id='word_1_133' title='bbox 1193 2772 1234 2838; x_wconf 87' lang='lat' dir='ltr'><strong>de</strong></span> <span class='ocrx_word' id='word_1_134' title='bbox 1256 2773 1350 2838; x_wconf 85' lang='lat' dir='ltr'><strong>sauoe</strong></span> <span class='ocrx_word' id='word_1_135' title='bbox 1373 2774 1548 2856; x_wconf 85' lang='lat' dir='ltr'><strong>redundat,</strong></span> 
     </span>
     <span class='ocr_line' id='line_1_23' title="bbox 634 2873 1517 2959; baseline 0.01 -26"><span class='ocrx_word' id='word_1_136' title='bbox 634 2893 662 2933; x_wconf 74' lang='lat' dir='ltr'><strong>ro</strong></span> <span class='ocrx_word' id='word_1_137' title='bbox 802 2873 893 2938; x_wconf 89' lang='lat' dir='ltr'><strong>ouius</strong></span> <span class='ocrx_word' id='word_1_138' title='bbox 914 2874 1014 2939; x_wconf 87' lang='lat' dir='ltr'><strong>verba</strong></span> <span class='ocrx_word' id='word_1_139' title='bbox 1036 2874 1141 2940; x_wconf 88' lang='lat' dir='ltr'><strong>libens</strong></span> <span class='ocrx_word' id='word_1_140' title='bbox 1163 2882 1291 2959; x_wconf 85' lang='lat' dir='ltr'><strong>pectore</strong></span> <span class='ocrx_word' id='word_1_141' title='bbox 1313 2875 1408 2942; x_wconf 91' lang='lat' dir='ltr'><strong>corde</strong></span> <span class='ocrx_word' id='word_1_142' title='bbox 1430 2877 1517 2942; x_wconf 89' lang='lat' dir='ltr'><strong>bibo.</strong></span> 
     </span>
     <span class='ocr_line' id='line_1_24' title="bbox 714 2974 1578 3062; baseline 0.007 -22"><span class='ocrx_word' id='word_1_143' title='bbox 714 2974 868 3061; x_wconf 87' lang='lat' dir='ltr'><strong>providus</strong></span> <span class='ocrx_word' id='word_1_144' title='bbox 890 2983 1019 3042; x_wconf 64' lang='lat' dir='ltr'><strong>eremus</strong></span> <span class='ocrx_word' id='word_1_145' title='bbox 1040 2975 1181 3061; x_wconf 85' lang='lat' dir='ltr'><strong>vigilans</strong></span> <span class='ocrx_word' id='word_1_146' title='bbox 1202 2977 1386 3043; x_wconf 86' lang='lat' dir='ltr'><strong>moderatus</strong></span> <span class='ocrx_word' id='word_1_147' title='bbox 1408 2979 1578 3062; x_wconf 86' lang='lat' dir='ltr'><strong>honestus,</strong></span> 
     </span>
     <span class='ocr_line' id='line_1_25' title="bbox 803 3079 1661 3165; baseline 0.003 -21"><span class='ocrx_word' id='word_1_148' title='bbox 803 3079 1039 3145; x_wconf 89' lang='lat' dir='ltr'><strong>condimentum</strong></span> <span class='ocrx_word' id='word_1_149' title='bbox 1062 3080 1188 3147; x_wconf 87' lang='lat' dir='ltr'><strong>animae</strong></span> <span class='ocrx_word' id='word_1_150' title='bbox 1211 3099 1303 3146; x_wconf 86' lang='lat' dir='ltr'><strong>mens</strong></span> <span class='ocrx_word' id='word_1_151' title='bbox 1324 3087 1381 3146; x_wconf 92' lang='lat' dir='ltr'><strong>tua</strong></span> <span class='ocrx_word' id='word_1_152' title='bbox 1404 3101 1532 3165; x_wconf 87' lang='lat' dir='ltr'><strong>semper</strong></span> <span class='ocrx_word' id='word_1_153' title='bbox 1552 3083 1661 3150; x_wconf 90' lang='lat' dir='ltr'><strong>habet.</strong></span> 
     </span>
     <span class='ocr_line' id='line_1_26' title="bbox 715 3181 1591 3268; baseline 0.006 -23"><span class='ocrx_word' id='word_1_154' title='bbox 715 3181 847 3264; x_wconf 87' lang='lat' dir='ltr'><strong>reginae</strong></span> <span class='ocrx_word' id='word_1_155' title='bbox 870 3183 1022 3266; x_wconf 81' lang='lat' dir='ltr'><strong>egregiae</strong></span> <span class='ocrx_word' id='word_1_156' title='bbox 1045 3182 1238 3268; x_wconf 86' lang='lat' dir='ltr'><strong>patrimonia</strong></span> <span class='ocrx_word' id='word_1_157' title='bbox 1260 3184 1348 3248; x_wconf 88' lang='lat' dir='ltr'><strong>celsa</strong></span> <span class='ocrx_word' id='word_1_158' title='bbox 1369 3184 1547 3266; x_wconf 82' lang='lat' dir='ltr'><strong>gubernas:</strong></span> <span class='ocrx_word' id='word_1_159' title='bbox 1589 3189 1591 3195; x_wconf 87' lang='lat'>&#39;</span> 
     </span>
     <span class='ocr_line' id='line_1_27' title="bbox 801 3284 1528 3369; baseline 0.003 -19"><span class='ocrx_word' id='word_1_160' title='bbox 801 3304 886 3367; x_wconf 90' lang='lat' dir='ltr'><strong>quae</strong></span> <span class='ocrx_word' id='word_1_161' title='bbox 907 3284 966 3350; x_wconf 87' lang='lat' dir='ltr'><strong>tibi</strong></span> <span class='ocrx_word' id='word_1_162' title='bbox 989 3284 1137 3351; x_wconf 84' lang='lat' dir='ltr'><strong>conmisit</strong></span> <span class='ocrx_word' id='word_1_163' title='bbox 1158 3285 1260 3351; x_wconf 88' lang='lat' dir='ltr'><strong>sensit</strong></span> <span class='ocrx_word' id='word_1_164' title='bbox 1280 3287 1399 3369; x_wconf 89' lang='lat' dir='ltr'><strong>ubique</strong></span> <span class='ocrx_word' id='word_1_165' title='bbox 1422 3285 1528 3352; x_wconf 91' lang='lat' dir='ltr'><strong>fidem.</strong></span> 
     </span>
     <span class='ocr_line' id='line_1_28' title="bbox 633 3387 1441 3472; baseline 0.006 -24"><span class='ocrx_word' id='word_1_166' title='bbox 633 3408 662 3449; x_wconf 76' lang='lat' dir='ltr'><strong>ts</strong></span> <span class='ocrx_word' id='word_1_167' title='bbox 714 3407 807 3453; x_wconf 90' lang='lat' dir='ltr'><strong>nemo</strong></span> <span class='ocrx_word' id='word_1_168' title='bbox 830 3388 904 3472; x_wconf 90' lang='lat' dir='ltr'><strong>piae</strong></span> <span class='ocrx_word' id='word_1_169' title='bbox 926 3393 1051 3472; x_wconf 87' lang='lat' dir='ltr'><strong>poterat</strong></span> <span class='ocrx_word' id='word_1_170' title='bbox 1072 3387 1205 3472; x_wconf 88' lang='lat' dir='ltr'><strong>reginae</strong></span> <span class='ocrx_word' id='word_1_171' title='bbox 1227 3388 1330 3453; x_wconf 88' lang='lat' dir='ltr'><strong>carior</strong></span> <span class='ocrx_word' id='word_1_172' title='bbox 1351 3407 1441 3470; x_wconf 87' lang='lat' dir='ltr'><strong>csse,</strong></span> 
     </span>
     <span class='ocr_line' id='line_1_29' title="bbox 800 3490 1556 3575; baseline 0.003 -21"><span class='ocrx_word' id='word_1_173' title='bbox 800 3510 897 3574; x_wconf 89' lang='lat' dir='ltr'><strong>quam</strong></span> <span class='ocrx_word' id='word_1_174' title='bbox 919 3491 973 3575; x_wconf 92' lang='lat' dir='ltr'><strong>qui</strong></span> <span class='ocrx_word' id='word_1_175' title='bbox 996 3493 1053 3575; x_wconf 77' lang='lat' dir='ltr'><strong>pro</strong></span> <span class='ocrx_word' id='word_1_176' title='bbox 1075 3490 1197 3555; x_wconf 87' lang='lat' dir='ltr'><strong>meritis</strong></span> <span class='ocrx_word' id='word_1_177' title='bbox 1218 3491 1293 3555; x_wconf 89' lang='lat' dir='ltr'><strong>talis</strong></span> <span class='ocrx_word' id='word_1_178' title='bbox 1316 3491 1440 3574; x_wconf 88' lang='lat' dir='ltr'><strong>etipse</strong></span> <span class='ocrx_word' id='word_1_179' title='bbox 1462 3490 1556 3557; x_wconf 86' lang='lat' dir='ltr'><strong>foret.</strong></span> 
     </span>
     <span class='ocr_line' id='line_1_30' title="bbox 715 3592 1539 3678; baseline 0 -20"><span class='ocrx_word' id='word_1_180' title='bbox 715 3592 902 3675; x_wconf 80' lang='lat' dir='ltr'><strong>Gunduan&#39;,</strong></span> <span class='ocrx_word' id='word_1_181' title='bbox 928 3593 1023 3675; x_wconf 91' lang='lat' dir='ltr'><strong>longo</strong></span> <span class='ocrx_word' id='word_1_182' title='bbox 1046 3593 1158 3676; x_wconf 83' lang='lat' dir='ltr'><strong>vigeas</strong></span> <span class='ocrx_word' id='word_1_183' title='bbox 1181 3593 1357 3678; x_wconf 87' lang='lat' dir='ltr'><strong>placiturus</strong></span> <span class='ocrx_word' id='word_1_184' title='bbox 1380 3593 1413 3657; x_wconf 93' lang='lat' dir='ltr'><strong>in</strong></span> <span class='ocrx_word' id='word_1_185' title='bbox 1442 3613 1539 3676; x_wconf 79' lang='lat' dir='ltr'><strong>aevo,</strong></span> 
     </span>
     <span class='ocr_line' id='line_1_31' title="bbox 801 3694 1603 3781; baseline 0 -20"><span class='ocrx_word' id='word_1_186' title='bbox 801 3696 936 3779; x_wconf 89' lang='lat' dir='ltr'><strong>coniuge</strong></span> <span class='ocrx_word' id='word_1_187' title='bbox 959 3715 1030 3760; x_wconf 90' lang='lat' dir='ltr'><strong>oum</strong></span> <span class='ocrx_word' id='word_1_188' title='bbox 1052 3694 1182 3781; x_wconf 83' lang='lat' dir='ltr'><strong>propria</strong></span> <span class='ocrx_word' id='word_1_189' title='bbox 1204 3696 1275 3760; x_wconf 89' lang='lat' dir='ltr'><strong>luce</strong></span> <span class='ocrx_word' id='word_1_190' title='bbox 1298 3714 1438 3779; x_wconf 84' lang='lat' dir='ltr'><strong>perenne</strong></span> <span class='ocrx_word' id='word_1_191' title='bbox 1460 3715 1603 3761; x_wconf 88' lang='lat' dir='ltr'><strong>manens.</strong></span> 
     </span>
    </p>
   </div>
   <div class='ocr_carea' id='block_1_5' title="bbox 1072 3951 1331 4148">
    <p class='ocr_par' dir='ltr' id='par_1_8' title="bbox 1072 3951 1331 4148">
     <span class='ocr_line' id='line_1_32' title="bbox 1137 3951 1331 4041; baseline -0.015 -23"><span class='ocrx_word' id='word_1_192' title='bbox 1137 3951 1246 4018; x_wconf 84' lang='lat' dir='ltr'><strong>xvru</strong></span> <span class='ocrx_word' id='word_1_193' title='bbox 1326 4030 1331 4041; x_wconf 92' lang='lat'><em>.</em></span> 
     </span>
     <span class='ocr_line' id='line_1_33' title="bbox 1072 4071 1312 4148; baseline -0.008 0"><span class='ocrx_word' id='word_1_194' title='bbox 1072 4072 1131 4148; x_wconf 86' lang='lat' dir='ltr'><strong>Ad</strong></span> <span class='ocrx_word' id='word_1_195' title='bbox 1156 4071 1312 4147; x_wconf 82' lang='lat' dir='ltr'><strong>Flavum</strong></span> 
     </span>
    </p>
   </div>
   <div class='ocr_carea' id='block_1_6' title="bbox 710 4242 1680 4620">
    <p class='ocr_par' dir='ltr' id='par_1_9' title="bbox 712 4242 1594 4428">
     <span class='ocr_line' id='line_1_34' title="bbox 712 4242 1594 4328; baseline -0.002 -18"><span class='ocrx_word' id='word_1_196' title='bbox 712 4247 765 4311; x_wconf 88' lang='lat' dir='ltr'><strong>Ad</strong></span> <span class='ocrx_word' id='word_1_197' title='bbox 786 4266 894 4312; x_wconf 86' lang='lat' dir='ltr'><strong>corum</strong></span> <span class='ocrx_word' id='word_1_198' title='bbox 917 4245 1035 4310; x_wconf 87' lang='lat' dir='ltr'><strong>totiens</strong></span> <span class='ocrx_word' id='word_1_199' title='bbox 1057 4264 1130 4310; x_wconf 89' lang='lat' dir='ltr'><strong>mea</strong></span> <span class='ocrx_word' id='word_1_200' title='bbox 1152 4243 1258 4328; x_wconf 89' lang='lat' dir='ltr'><strong>pergit</strong></span> <span class='ocrx_word' id='word_1_201' title='bbox 1279 4242 1419 4328; x_wconf 89' lang='lat' dir='ltr'><strong>epistula</strong></span> <span class='ocrx_word' id='word_1_202' title='bbox 1441 4243 1594 4309; x_wconf 83' lang='lat' dir='ltr'><strong>Flavum:</strong></span> 
     </span>
     <span class='ocr_line' id='line_1_35' title="bbox 799 4345 1449 4428; baseline -0.008 -14"><span class='ocrx_word' id='word_1_203' title='bbox 799 4349 846 4414; x_wconf 90' lang='lat' dir='ltr'><strong>sio</strong></span> <span class='ocrx_word' id='word_1_204' title='bbox 867 4355 975 4414; x_wconf 91' lang='lat' dir='ltr'><strong>monet</strong></span> <span class='ocrx_word' id='word_1_205' title='bbox 997 4347 1094 4412; x_wconf 84' lang='lat' dir='ltr'><strong>officii</strong></span> <span class='ocrx_word' id='word_1_206' title='bbox 1117 4346 1232 4411; x_wconf 89' lang='lat' dir='ltr'><strong>sedula</strong></span> <span class='ocrx_word' id='word_1_207' title='bbox 1254 4365 1330 4410; x_wconf 89' lang='lat' dir='ltr'><strong>cura</strong></span> <span class='ocrx_word' id='word_1_208' title='bbox 1351 4345 1449 4428; x_wconf 90' lang='lat' dir='ltr'><strong>loqui.</strong></span> 
     </span>
    </p>

    <p class='ocr_par' dir='ltr' id='par_1_10' title="bbox 710 4446 1680 4620">
     <span class='ocr_line' id='line_1_36' title="bbox 710 4446 1680 4534; baseline -0.004 -18"><span class='ocrx_word' id='word_1_209' title='bbox 710 4473 795 4517; x_wconf 91' lang='lat' dir='ltr'><strong>nuno</strong></span> <span class='ocrx_word' id='word_1_210' title='bbox 817 4471 942 4534; x_wconf 89' lang='lat' dir='ltr'><strong>quoque</strong></span> <span class='ocrx_word' id='word_1_211' title='bbox 965 4450 1127 4534; x_wconf 85' lang='lat' dir='ltr'><strong>prosaico,</strong></span> <span class='ocrx_word' id='word_1_212' title='bbox 1153 4447 1247 4512; x_wconf 92' lang='lat' dir='ltr'><strong>modo</strong></span> <span class='ocrx_word' id='word_1_213' title='bbox 1270 4446 1400 4512; x_wconf 89' lang='lat' dir='ltr'><strong>mittens</strong></span> <span class='ocrx_word' id='word_1_214' title='bbox 1422 4447 1565 4512; x_wconf 88' lang='lat' dir='ltr'><strong>carmina</strong></span> <span class='ocrx_word' id='word_1_215' title='bbox 1586 4465 1680 4513; x_wconf 86' lang='lat' dir='ltr'><strong>versu</strong></span> 
     </span>
     <span class='ocr_line' id='line_1_37' title="bbox 797 4549 1442 4620; baseline -0.011 -1"><span class='ocrx_word' id='word_1_216' title='bbox 797 4553 946 4620; x_wconf 88' lang='lat' dir='ltr'><strong>blandior</strong></span> <span class='ocrx_word' id='word_1_217' title='bbox 968 4553 1068 4617; x_wconf 87' lang='lat' dir='ltr'><strong>affatu</strong></span> <span class='ocrx_word' id='word_1_218' title='bbox 1092 4551 1202 4616; x_wconf 87' lang='lat' dir='ltr'><strong>debita</strong></span> <span class='ocrx_word' id='word_1_219' title='bbox 1225 4549 1319 4615; x_wconf 86' lang='lat' dir='ltr'><strong>solvit</strong></span> <span class='ocrx_word' id='word_1_220' title='bbox 1341 4569 1442 4614; x_wconf 89' lang='lat' dir='ltr'><strong>amor.</strong></span> 
     </span>
    </p>
   </div>
   <div class='ocr_carea' id='block_1_7' title="bbox 449 4773 2118 4863">
    <p class='ocr_par' dir='ltr' id='par_1_11' title="bbox 449 4773 2118 4863">
     <span class='ocr_line' id='line_1_38' title="bbox 449 4773 2118 4863; baseline -0.001 -17"><span class='ocrx_word' id='word_1_221' title='bbox 449 4797 481 4848; x_wconf 83' lang='lat'><strong>5⁰</strong></span> <span class='ocrx_word' id='word_1_222' title='bbox 499 4813 558 4847; x_wconf 78' lang='lat' dir='ltr'><strong>curs</strong></span> <span class='ocrx_word' id='word_1_223' title='bbox 572 4773 628 4854; x_wconf 49' lang='lat' dir='ltr'><strong>¹0¹x</strong></span> <span class='ocrx_word' id='word_1_224' title='bbox 717 4798 748 4848; x_wconf 82' lang='lat'><strong>5³</strong></span> <span class='ocrx_word' id='word_1_225' title='bbox 767 4799 865 4847; x_wconf 78' lang='lat' dir='ltr'><strong>laetitia</strong></span> <span class='ocrx_word' id='word_1_226' title='bbox 883 4798 907 4843; x_wconf 75' lang='lat' dir='ltr'><strong><em>A</em></strong></span> <span class='ocrx_word' id='word_1_227' title='bbox 1012 4792 1242 4843; x_wconf 70' lang='lat' dir='ltr'><strong>temeratores</strong></span> <span class='ocrx_word' id='word_1_228' title='bbox 1347 4790 1377 4839; x_wconf 79' lang='lat'><strong>57</strong></span> <span class='ocrx_word' id='word_1_229' title='bbox 1398 4792 1514 4840; x_wconf 80' lang='lat' dir='ltr'><strong>felicibus</strong></span> <span class='ocrx_word' id='word_1_230' title='bbox 1528 4790 1562 4850; x_wconf 81' lang='lat' dir='ltr'><strong>M,</strong></span> <span class='ocrx_word' id='word_1_231' title='bbox 1582 4793 1689 4840; x_wconf 74' lang='lat' dir='ltr'><strong>sollcitos</strong></span> <span class='ocrx_word' id='word_1_232' title='bbox 1702 4793 1725 4840; x_wconf 75' lang='lat' dir='ltr'><strong>l·</strong></span> <span class='ocrx_word' id='word_1_233' title='bbox 1824 4795 1858 4845; x_wconf 79' lang='lat'><strong>58</strong></span> <span class='ocrx_word' id='word_1_234' title='bbox 1876 4797 1957 4857; x_wconf 84' lang='lat' dir='ltr'><strong>proles</strong></span> <span class='ocrx_word' id='word_1_235' title='bbox 1970 4794 2006 4863; x_wconf 88' lang='grc' dir='ltr'><strong>Β]</strong></span> <span class='ocrx_word' id='word_1_236' title='bbox 2116 4785 2118 4796; x_wconf 56' lang='lat'><strong><em>⁴</em></strong></span> 
     </span>
    </p>
   </div>
   <div class='ocr_carea' id='block_1_8' title="bbox 375 4875 2006 5460">
    <p class='ocr_par' dir='ltr' id='par_1_12' title="bbox 376 4875 1764 4946">
     <span class='ocr_line' id='line_1_39' title="bbox 376 4875 1764 4946; baseline -0.004 -14"><span class='ocrx_word' id='word_1_237' title='bbox 376 4886 453 4944; x_wconf 88' lang='lat' dir='ltr'><strong>prolis</strong></span> <span class='ocrx_word' id='word_1_238' title='bbox 471 4885 526 4935; x_wconf 80' lang='lat' dir='ltr'><strong>rell.</strong></span> <span class='ocrx_word' id='word_1_239' title='bbox 632 4885 716 4946; x_wconf 69' lang='lat' dir='ltr'><strong>opima</strong></span> <span class='ocrx_word' id='word_1_240' title='bbox 735 4882 777 4946; x_wconf 72' lang='lat'><strong>6¹,</strong></span> <span class='ocrx_word' id='word_1_241' title='bbox 799 4885 867 4946; x_wconf 89' lang='lat' dir='ltr'><strong>oplm</strong></span> <span class='ocrx_word' id='word_1_242' title='bbox 886 4881 917 4929; x_wconf 71' lang='grc' dir='ltr'><strong>Ρι</strong></span> <span class='ocrx_word' id='word_1_243' title='bbox 1023 4880 1115 4928; x_wconf 67' lang='lat' dir='ltr'><strong>oculosos¹</strong></span> <span class='ocrx_word' id='word_1_244' title='bbox 1137 4894 1161 4926; x_wconf 77' lang='lat' dir='ltr'><strong>v.</strong></span> <span class='ocrx_word' id='word_1_245' title='bbox 1183 4890 1249 4926; x_wconf 80' lang='lat' dir='ltr'><strong>nvrrr</strong></span> <span class='ocrx_word' id='word_1_246' title='bbox 1269 4875 1369 4924; x_wconf 70' lang='lat' dir='ltr'><strong>lello</strong></span> <span class='ocrx_word' id='word_1_247' title='bbox 1473 4880 1500 4925; x_wconf 80' lang='lat' dir='ltr'><strong>in</strong></span> <span class='ocrx_word' id='word_1_248' title='bbox 1518 4876 1541 4924; x_wconf 90' lang='lat' dir='ltr'><em>P</em></span> <span class='ocrx_word' id='word_1_249' title='bbox 1556 4880 1666 4937; x_wconf 77' lang='lat' dir='ltr'><strong>sepultor</strong></span> <span class='ocrx_word' id='word_1_250' title='bbox 1688 4878 1730 4940; x_wconf 82' lang='lat' dir='ltr'><strong>VI,</strong></span> <span class='ocrx_word' id='word_1_251' title='bbox 1752 4881 1764 4926; x_wconf 88' lang='lat'><em>1</em></span> 
     </span>
    </p>

    <p class='ocr_par' dir='ltr' id='par_1_13' title="bbox 375 4961 2006 5376">
     <span class='ocr_line' id='line_1_40' title="bbox 445 4961 2004 5035; baseline -0.004 -17"><span class='ocrx_word' id='word_1_252' title='bbox 445 4971 520 5019; x_wconf 83' lang='lat' dir='ltr'>XVII</span> <span class='ocrx_word' id='word_1_253' title='bbox 619 4983 793 5019; x_wconf 69' lang='lat' dir='ltr'><strong>mursam</strong></span> <span class='ocrx_word' id='word_1_254' title='bbox 814 4965 849 5035; x_wconf 83' lang='lat' dir='ltr'><strong>l&#39;]</strong></span> <span class='ocrx_word' id='word_1_255' title='bbox 866 4979 1023 5017; x_wconf 76' lang='lat' dir='ltr'><strong>ovsnvssro</strong></span> <span class='ocrx_word' id='word_1_256' title='bbox 1042 4964 1146 5026; x_wconf 66' lang='lat' dir='ltr'><strong>oculu,</strong></span> <span class='ocrx_word' id='word_1_257' title='bbox 1166 4975 1341 5012; x_wconf 73' lang='lat' dir='ltr'><strong>ovsoosarru</strong></span> <span class='ocrx_word' id='word_1_258' title='bbox 1359 4961 1461 5020; x_wconf 78' lang='lat' dir='ltr'><strong>nost,</strong></span> <span class='ocrx_word' id='word_1_259' title='bbox 1482 4975 1672 5010; x_wconf 78' lang='lat' dir='ltr'><strong>ovsnovsruvrt</strong></span> <span class='ocrx_word' id='word_1_260' title='bbox 1690 4962 1742 5011; x_wconf 82' lang='lat' dir='ltr'><strong>ind.</strong></span> <span class='ocrx_word' id='word_1_261' title='bbox 1762 4967 1849 5026; x_wconf 79' lang='lat' dir='ltr'><strong>eupit,</strong></span> <span class='ocrx_word' id='word_1_262' title='bbox 1869 4965 1905 5025; x_wconf 76' lang='lat' dir='ltr'><strong>cf.</strong></span> <span class='ocrx_word' id='word_1_263' title='bbox 1925 4982 1949 5017; x_wconf 83' lang='lat' dir='ltr'><strong>o.</strong></span> <span class='ocrx_word' id='word_1_264' title='bbox 1971 4970 2004 5015; x_wconf 83' lang='lat'><strong>17</strong></span> 
     </span>
     <span class='ocr_line' id='line_1_41' title="bbox 379 5044 2004 5122; baseline -0.003 -17"><span class='ocrx_word' id='word_1_265' title='bbox 379 5055 388 5105; x_wconf 90' lang='lat' dir='ltr'><strong>l</strong></span> <span class='ocrx_word' id='word_1_266' title='bbox 411 5063 497 5119; x_wconf 85' lang='lat' dir='ltr'><strong>posset</strong></span> <span class='ocrx_word' id='word_1_267' title='bbox 516 5057 555 5117; x_wconf 75' lang='lat' dir='ltr'><strong>(F)</strong></span> <span class='ocrx_word' id='word_1_268' title='bbox 570 5052 643 5122; x_wconf 65' lang='grc' dir='ltr'><strong>ναι]</strong></span> <span class='ocrx_word' id='word_1_269' title='bbox 661 5058 740 5119; x_wconf 84' lang='lat' dir='ltr'><strong>possit</strong></span> <span class='ocrx_word' id='word_1_270' title='bbox 757 5052 828 5104; x_wconf 82' lang='lat' dir='ltr'><strong>eodd.</strong></span> <span class='ocrx_word' id='word_1_271' title='bbox 953 5053 967 5100; x_wconf 76' lang='lat' dir='ltr'><strong>l</strong></span> <span class='ocrx_word' id='word_1_272' title='bbox 987 5052 1096 5099; x_wconf 81' lang='lat' dir='ltr'><strong>carmine</strong></span> <span class='ocrx_word' id='word_1_273' title='bbox 1114 5050 1136 5098; x_wconf 85' lang='lat' dir='ltr'><em>L</em></span> <span class='ocrx_word' id='word_1_274' title='bbox 1264 5046 1278 5095; x_wconf 85' lang='grc'>3</span> <span class='ocrx_word' id='word_1_275' title='bbox 1298 5044 1339 5113; x_wconf 82' lang='lat' dir='ltr'><strong>ob]</strong></span> <span class='ocrx_word' id='word_1_276' title='bbox 1356 5053 1383 5094; x_wconf 77' lang='lat' dir='ltr'><strong>st</strong></span> <span class='ocrx_word' id='word_1_277' title='bbox 1403 5046 1431 5093; x_wconf 79' lang='lat'><strong>0¹</strong></span> <span class='ocrx_word' id='word_1_278' title='bbox 1449 5051 1479 5093; x_wconf 80' lang='lat' dir='ltr'><strong>ut</strong></span> <span class='ocrx_word' id='word_1_279' title='bbox 1495 5047 1548 5096; x_wconf 82' lang='lat' dir='ltr'><strong>old.</strong></span> <span class='ocrx_word' id='word_1_280' title='bbox 1670 5053 1770 5109; x_wconf 85' lang='lat' dir='ltr'><strong>psotore</strong></span> <span class='ocrx_word' id='word_1_281' title='bbox 1788 5047 1889 5116; x_wconf 78' lang='lat' dir='ltr'><strong>claudo]</strong></span> <span class='ocrx_word' id='word_1_282' title='bbox 1904 5057 2004 5114; x_wconf 79' lang='lat' dir='ltr'><strong>pectore</strong></span> 
     </span>
     <span class='ocr_line' id='line_1_42' title="bbox 375 5131 2006 5205; baseline -0.006 -17"><span class='ocrx_word' id='word_1_283' title='bbox 375 5141 450 5190; x_wconf 77' lang='lat' dir='ltr'><strong>laudo</strong></span> <span class='ocrx_word' id='word_1_284' title='bbox 470 5142 498 5200; x_wconf 84' lang='lat' dir='ltr'><strong>C,</strong></span> <span class='ocrx_word' id='word_1_285' title='bbox 518 5146 616 5205; x_wconf 86' lang='lat' dir='ltr'><strong>pectore</strong></span> <span class='ocrx_word' id='word_1_286' title='bbox 635 5139 695 5188; x_wconf 72' lang='lat' dir='ltr'><strong>Am</strong></span> <span class='ocrx_word' id='word_1_287' title='bbox 705 5142 730 5201; x_wconf 84' lang='lat' dir='ltr'><strong>V,</strong></span> <span class='ocrx_word' id='word_1_288' title='bbox 751 5145 851 5202; x_wconf 82' lang='lat' dir='ltr'><strong>pectore</strong></span> <span class='ocrx_word' id='word_1_289' title='bbox 868 5144 937 5199; x_wconf 77' lang='lat' dir='ltr'><strong>gesto</strong></span> <span class='ocrx_word' id='word_1_290' title='bbox 955 5136 1102 5185; x_wconf 77' lang='lat' dir='ltr'><em>DGBLRF</em></span> <span class='ocrx_word' id='word_1_291' title='bbox 1221 5133 1235 5182; x_wconf 84' lang='lat'><strong>7</strong></span> <span class='ocrx_word' id='word_1_292' title='bbox 1253 5133 1383 5182; x_wconf 85' lang='lat' dir='ltr'><strong>dulcldine</strong></span> <span class='ocrx_word' id='word_1_293' title='bbox 1401 5131 1440 5180; x_wconf 73' lang='lat' dir='ltr'><strong>Ml</strong></span> <span class='ocrx_word' id='word_1_294' title='bbox 1561 5131 1662 5182; x_wconf 77' lang='lat' dir='ltr'><strong>Snube</strong></span> <span class='ocrx_word' id='word_1_295' title='bbox 1679 5145 1728 5181; x_wconf 88' lang='lat' dir='ltr'><strong>om.</strong></span> <span class='ocrx_word' id='word_1_296' title='bbox 1742 5133 1768 5180; x_wconf 89' lang='lat' dir='ltr'><em>D</em></span> <span class='ocrx_word' id='word_1_297' title='bbox 1889 5139 1962 5186; x_wconf 68' lang='lat' dir='ltr'><strong>cordo</strong></span> <span class='ocrx_word' id='word_1_298' title='bbox 1983 5139 2006 5186; x_wconf 78' lang='grc' dir='ltr'><em>θ</em></span> 
     </span>
     <span class='ocr_line' id='line_1_43' title="bbox 379 5217 1967 5288; baseline -0.003 -13"><span class='ocrx_word' id='word_1_299' title='bbox 379 5226 410 5276; x_wconf 82' lang='lat' dir='ltr'><strong>lo</strong></span> <span class='ocrx_word' id='word_1_300' title='bbox 428 5228 509 5288; x_wconf 78' lang='lat' dir='ltr'><strong>llgsns</strong></span> <span class='ocrx_word' id='word_1_301' title='bbox 527 5228 553 5275; x_wconf 88' lang='lat' dir='ltr'><em>D</em></span> <span class='ocrx_word' id='word_1_302' title='bbox 694 5226 724 5276; x_wconf 85' lang='lat'><strong>13</strong></span> <span class='ocrx_word' id='word_1_303' title='bbox 742 5228 825 5286; x_wconf 79' lang='lat' dir='ltr'><strong>regiae</strong></span> <span class='ocrx_word' id='word_1_304' title='bbox 844 5225 865 5272; x_wconf 81' lang='grc' dir='ltr'><em>Α</em></span> <span class='ocrx_word' id='word_1_305' title='bbox 990 5223 1104 5283; x_wconf 65' lang='grc' dir='ltr'><strong>ιομοείι</strong></span> <span class='ocrx_word' id='word_1_306' title='bbox 1126 5221 1146 5268; x_wconf 80' lang='lat' dir='ltr'><em>O</em></span> <span class='ocrx_word' id='word_1_307' title='bbox 1285 5219 1315 5268; x_wconf 79' lang='lat' dir='ltr'><strong>lt</strong></span> <span class='ocrx_word' id='word_1_308' title='bbox 1337 5217 1462 5279; x_wconf 82' lang='lat' dir='ltr'><strong>(conmislt</strong></span> <span class='ocrx_word' id='word_1_309' title='bbox 1481 5218 1507 5282; x_wconf 76' lang='lat' dir='ltr'><strong>C)</strong></span> <span class='ocrx_word' id='word_1_310' title='bbox 1652 5218 1682 5267; x_wconf 91' lang='lat' dir='ltr'><strong>l&#39;l</strong></span> <span class='ocrx_word' id='word_1_311' title='bbox 1701 5219 1824 5280; x_wconf 79' lang='lat' dir='ltr'><strong>gondusrl</strong></span> <span class='ocrx_word' id='word_1_312' title='bbox 1842 5224 1877 5269; x_wconf 79' lang='lat' dir='ltr'><strong>rio</strong></span> <span class='ocrx_word' id='word_1_313' title='bbox 1894 5221 1967 5271; x_wconf 77' lang='lat' dir='ltr'><strong>codd.</strong></span> 
     </span>
     <span class='ocr_line' id='line_1_44' title="bbox 375 5303 1474 5376; baseline -0.01 -15"><span class='ocrx_word' id='word_1_314' title='bbox 375 5313 450 5373; x_wconf 71' lang='lat' dir='ltr'><strong>longa</strong></span> <span class='ocrx_word' id='word_1_315' title='bbox 470 5311 512 5376; x_wconf 80' lang='lat'><strong>0¹,</strong></span> <span class='ocrx_word' id='word_1_316' title='bbox 532 5314 606 5374; x_wconf 80' lang='lat' dir='ltr'><strong>longe</strong></span> <span class='ocrx_word' id='word_1_317' title='bbox 623 5313 649 5359; x_wconf 89' lang='lat' dir='ltr'><em>D</em></span> <span class='ocrx_word' id='word_1_318' title='bbox 754 5311 786 5361; x_wconf 82' lang='lat'><strong>18</strong></span> <span class='ocrx_word' id='word_1_319' title='bbox 804 5326 860 5360; x_wconf 90' lang='lat' dir='ltr'><strong>cum</strong></span> <span class='ocrx_word' id='word_1_320' title='bbox 879 5311 983 5370; x_wconf 82' lang='lat' dir='ltr'><strong>eoolugo</strong></span> <span class='ocrx_word' id='word_1_321' title='bbox 1006 5309 1026 5356; x_wconf 81' lang='grc'><em>0</em></span> <span class='ocrx_word' id='word_1_322' title='bbox 1126 5307 1219 5366; x_wconf 71' lang='lat' dir='ltr'><strong>palm.</strong></span> <span class='ocrx_word' id='word_1_323' title='bbox 1240 5320 1265 5354; x_wconf 82' lang='lat' dir='ltr'><strong>v.</strong></span> <span class='ocrx_word' id='word_1_324' title='bbox 1285 5317 1354 5353; x_wconf 81' lang='lat' dir='ltr'><strong>xvur</strong></span> <span class='ocrx_word' id='word_1_325' title='bbox 1372 5303 1474 5352; x_wconf 73' lang='lat' dir='ltr'><strong>Aeno</strong></span> 
     </span>
    </p>

    <p class='ocr_par' dir='ltr' id='par_1_14' title="bbox 445 5387 1964 5460">
     <span class='ocr_line' id='line_1_45' title="bbox 445 5387 1964 5460; baseline -0.005 -15"><span class='ocrx_word' id='word_1_326' title='bbox 445 5397 533 5447; x_wconf 86' lang='lat' dir='ltr'><strong>XVlll</strong></span> <span class='ocrx_word' id='word_1_327' title='bbox 550 5402 616 5446; x_wconf 75' lang='lat' dir='ltr'><strong>eolat</strong></span> <span class='ocrx_word' id='word_1_328' title='bbox 634 5401 661 5448; x_wconf 82' lang='lat' dir='ltr'><strong>io</strong></span> <span class='ocrx_word' id='word_1_329' title='bbox 679 5397 704 5446; x_wconf 86' lang='grc' dir='ltr'><em>Σ</em></span> <span class='ocrx_word' id='word_1_330' title='bbox 721 5399 742 5460; x_wconf 77' lang='lat' dir='ltr'><strong>s.</strong></span> <span class='ocrx_word' id='word_1_331' title='bbox 762 5395 810 5446; x_wconf 75' lang='lat' dir='ltr'><strong>lo&#39;</strong></span> <span class='ocrx_word' id='word_1_332' title='bbox 825 5401 880 5458; x_wconf 81' lang='lat' dir='ltr'><strong>port</strong></span> <span class='ocrx_word' id='word_1_333' title='bbox 903 5397 961 5457; x_wconf 89' lang='lat' dir='ltr'><strong>Vll,</strong></span> <span class='ocrx_word' id='word_1_334' title='bbox 983 5399 999 5444; x_wconf 85' lang='lat'><strong><em>9</em></strong></span> <span class='ocrx_word' id='word_1_335' title='bbox 1119 5389 1163 5458; x_wconf 79' lang='lat' dir='ltr'><strong>sd]</strong></span> <span class='ocrx_word' id='word_1_336' title='bbox 1181 5405 1278 5440; x_wconf 81' lang='lat' dir='ltr'><strong>vnnsvs</strong></span> <span class='ocrx_word' id='word_1_337' title='bbox 1297 5403 1332 5438; x_wconf 79' lang='lat' dir='ltr'><strong>sn</strong></span> <span class='ocrx_word' id='word_1_338' title='bbox 1352 5389 1376 5438; x_wconf 89' lang='grc' dir='ltr'><strong><em>Σ</em></strong></span> <span class='ocrx_word' id='word_1_339' title='bbox 1496 5401 1612 5436; x_wconf 70' lang='lat' dir='ltr'><strong>susurru</strong></span> <span class='ocrx_word' id='word_1_340' title='bbox 1630 5387 1663 5435; x_wconf 80' lang='grc' dir='ltr'><strong>Βι</strong></span> <span class='ocrx_word' id='word_1_341' title='bbox 1795 5389 1806 5438; x_wconf 88' lang='lat' dir='ltr'><strong>l</strong></span> <span class='ocrx_word' id='word_1_342' title='bbox 1828 5391 1903 5438; x_wconf 84' lang='lat' dir='ltr'><strong>toties</strong></span> <span class='ocrx_word' id='word_1_343' title='bbox 1922 5390 1964 5453; x_wconf 86' lang='grc' dir='ltr'><strong>(Σ)</strong></span> 
     </span>
    </p>
   </div>
   <div class='ocr_carea' id='block_1_9' title="bbox 376 5451 2006 5638">
    <p class='ocr_par' dir='ltr' id='par_1_15' title="bbox 376 5451 2006 5638">
     <span class='ocr_line' id='line_1_46' title="bbox 376 5451 2006 5549; baseline -0.005 -18"><span class='ocrx_word' id='word_1_344' title='bbox 376 5485 459 5543; x_wconf 75' lang='lat' dir='ltr'><strong>pergis</strong></span> <span class='ocrx_word' id='word_1_345' title='bbox 472 5482 507 5531; x_wconf 85' lang='lat' dir='ltr'><strong>D¹</strong></span> <span class='ocrx_word' id='word_1_346' title='bbox 612 5478 789 5549; x_wconf 78' lang='lat' dir='ltr'><strong>epistuloAO]</strong></span> <span class='ocrx_word' id='word_1_347' title='bbox 807 5484 911 5544; x_wconf 77' lang='lat' dir='ltr'><strong>epistola</strong></span> <span class='ocrx_word' id='word_1_348' title='bbox 928 5483 982 5530; x_wconf 76' lang='lat' dir='ltr'><strong>rell.</strong></span> <span class='ocrx_word' id='word_1_349' title='bbox 1089 5479 1199 5530; x_wconf 76' lang='lat' dir='ltr'><strong>lotteil</strong></span> <span class='ocrx_word' id='word_1_350' title='bbox 1213 5473 1294 5543; x_wconf 80' lang='grc' dir='ltr'><strong><em>ΣΑΟ]</em></strong></span> <span class='ocrx_word' id='word_1_351' title='bbox 1313 5477 1402 5532; x_wconf 79' lang='lat' dir='ltr'><strong>oltlolls</strong></span> <span class='ocrx_word' id='word_1_352' title='bbox 1420 5451 1474 5532; x_wconf 53' lang='lat' dir='ltr'><strong>aaa.</strong></span> <span class='ocrx_word' id='word_1_353' title='bbox 1581 5473 1707 5530; x_wconf 66' lang='lat' dir='ltr'><strong>dmltons</strong></span> <span class='ocrx_word' id='word_1_354' title='bbox 1725 5473 1758 5526; x_wconf 66' lang='lat'><strong>(1¹</strong></span> <span class='ocrx_word' id='word_1_355' title='bbox 1862 5489 1965 5530; x_wconf 77' lang='lat' dir='ltr'><strong>uersum</strong></span> <span class='ocrx_word' id='word_1_356' title='bbox 1979 5477 2006 5527; x_wconf 84' lang='grc' dir='ltr'><strong><em>Σ</em></strong></span> 
     </span>
     <span class='ocr_line' id='line_1_47' title="bbox 377 5563 1285 5638; baseline 0.003 -20"><span class='ocrx_word' id='word_1_357' title='bbox 377 5566 392 5618; x_wconf 81' lang='lat' dir='ltr'><strong>l</strong></span> <span class='ocrx_word' id='word_1_358' title='bbox 411 5569 487 5620; x_wconf 73' lang='lat' dir='ltr'><strong>motu</strong></span> <span class='ocrx_word' id='word_1_359' title='bbox 508 5565 653 5638; x_wconf 70' lang='lat' dir='ltr'><strong>cumas]</strong></span> <span class='ocrx_word' id='word_1_360' title='bbox 672 5570 758 5620; x_wconf 67' lang='lat' dir='ltr'><strong>unctu</strong></span> <span class='ocrx_word' id='word_1_361' title='bbox 777 5571 808 5637; x_wconf 79' lang='lat' dir='ltr'><strong>t,</strong></span> <span class='ocrx_word' id='word_1_362' title='bbox 828 5572 919 5622; x_wconf 69' lang='lat' dir='ltr'><strong>euentu</strong></span> <span class='ocrx_word' id='word_1_363' title='bbox 938 5567 1020 5630; x_wconf 74' lang='lat' dir='ltr'><em>ADB,</em></span> <span class='ocrx_word' id='word_1_364' title='bbox 1042 5569 1133 5622; x_wconf 80' lang='lat' dir='ltr'><strong>eueotu</strong></span> <span class='ocrx_word' id='word_1_365' title='bbox 1153 5563 1212 5620; x_wconf 63' lang='lat'><strong>20¹</strong></span> <span class='ocrx_word' id='word_1_366' title='bbox 1226 5565 1285 5622; x_wconf 74' lang='lat' dir='ltr'><strong>loo.</strong></span> 
     </span>
    </p>
   </div>
   <div class='ocr_carea' id='block_1_10' title="bbox 0 0 2258 6247">
    <p class='ocr_par' dir='ltr' id='par_1_16' title="bbox 0 0 2258 6247">
     <span class='ocr_line' id='line_1_48' title="bbox 0 0 2258 6247; baseline 0 0"><span class='ocrx_word' id='word_1_367' title='bbox 0 0 2258 6247; x_wconf 95' lang='lat' dir='ltr'><strong> </strong></span> 
     </span>
    </p>
   </div>
  </div>
 </body>
</html>
