4344 6142
221 1707 222 1712 Ν
280 1590 566 1703 VENANTI
619 1591 858 1704 Hououl
912 1591 1344 1704 conuertitur
1396 1589 1755 1703 FORTVNATI

679 1866 1074 1979 PRESBYTERI
1129 1865 1363 1978 toruior

820 2287 982 2386 ursus
1013 2286 1221 2386 ruinis

1014 2552 1029 2616 I

627 2671 686 2745 Ad
713 2671 872 2748 Vitalern
906 2675 1113 2771 episcopum
1140 2673 1418 2749 Raveuueusenr

540 2841 684 2907 Antistes
707 2840 847 2922 domini,
873 2842 998 2909 meritis
1019 2843 1054 2907 in
1077 2844 1208 2908 sueoula
1230 2844 1361 2924 vivens,

626 2944 747 3027 gaudia
769 2945 825 3028 qui
848 2945 968 3011 Christi
992 2945 1032 3011 de
1055 2965 1155 3029 grege
1178 2954 1287 3030 pastor
1309 2946 1427 3012 habes:

540 3067 613 3111 eum
635 3055 667 3114 te
689 3047 827 3114 Vitoleur
850 3048 954 3114 voluit
978 3048 1118 3114 vocitare
1141 3054 1307 3131 vetustus,

625 3158 761 3217 noverat
783 3159 949 3218 aeternum
972 3158 1004 3216 te
1027 3151 1184 3217 meruisse
1208 3151 1314 3232 diem;

474 3273 485 3312 ⁵
539 3252 657 3335 dignus
681 3253 859 3338 apostoliea
881 3253 1093 3339 praefulgens
1116 3260 1222 3319 mente
1251 3255 1419 3337 sacerdos,

626 3356 679 3440 qui
703 3375 795 3421 sacer
817 3357 969 3422 Andreae
994 3364 1058 3421 tam
1082 3356 1137 3440 pia
1160 3357 1284 3441 templa
1306 3358 1406 3422 loeas.

539 3460 741 3541 quambene
764 3460 967 3543 promeritis
991 3459 1111 3525 domini
1135 3459 1280 3526 oousedit
1302 3459 1335 3525 in
1358 3460 1453 3541 aula,

625 3582 799 3648 perquem
822 3563 922 3646 digna
947 3563 1008 3628 deo
1031 3570 1081 3628 est
1104 3562 1277 3629 aedificata
1300 3564 1432 3628 domus!

540 3665 706 3751 sumpsisti
728 3686 748 3728 u
770 3664 898 3731 domino
923 3665 1050 3731 eulmen
1074 3664 1125 3731 oui
1149 3667 1290 3732 eulmina
1313 3665 1441 3733 condis:

457 3788 485 3827 ro
625 3768 681 3852 qui
703 3767 763 3833 tibi
787 3769 886 3852 dignu
909 3768 1001 3835 dedit
1022 3767 1131 3834 reddis
1155 3769 1275 3834 honore
1298 3770 1412 3835 vioem.

540 3870 656 3936 emicat
678 3871 755 3936 aula
777 3877 910 3954 potens,
940 3871 1042 3936 solido
1064 3870 1208 3954 perfecte
1230 3871 1380 3949 metullo,

627 3992 689 4056 quo
712 3973 781 4037 sine
805 3981 897 4039 noote
928 3981 1036 4038 manet
1059 3972 1245 4039 continuata
1269 3972 1350 4038 dies.

540 4074 659 4140 invitet
683 4076 771 4140 loeus
793 4075 866 4159 ipse
892 4075 989 4141 deum
1013 4073 1169 4162 subssluoe
1193 4075 1346 4160 pereuni,

628 4179 794 4261 gressibus
817 4187 851 4244 ut
874 4178 1016 4263 placidis
1040 4179 1136 4243 intret
1157 4178 1297 4243 ornando
1320 4178 1416 4242 iures.

459 4303 487 4342 15
541 4279 595 4362 qui
618 4281 689 4345 looa
711 4279 771 4345 das
792 4281 940 4364 populis,
967 4280 1132 4346 dominum
1155 4302 1221 4364 quo
1244 4300 1373 4365 semper
1394 4277 1548 4364 adorent,

431 4465 435 4474 ,
630 4391 665 4448 ut
688 4382 817 4468 eupiunt
840 4384 971 4449 venium
995 4390 1027 4449 te
1050 4383 1132 4450 fuois
1156 4403 1229 4451 esse
1252 4382 1350 4449 vium.

468 4549 472 4558 .
541 4487 647 4570 gratio
668 4506 759 4552 mens
782 4486 912 4552 animus
936 4487 1063 4552 bonitus
1086 4486 1215 4553 dileetio
1238 4485 1344 4572 plebis

627 4597 661 4655 et
682 4589 804 4673 gradus
826 4597 858 4654 et
880 4590 986 4674 pietus
1008 4596 1040 4656 te
1062 4589 1153 4656 dedit
1175 4609 1248 4656 esse
1271 4589 1421 4674 putremfp

538 4693 737 4777 prosperitas
760 4711 795 4758 se
818 4699 927 4758 vestro
951 4694 1082 4778 probet,
1108 4713 1194 4776 quoe
1218 4692 1340 4777 gaudie
1363 4693 1517 4778 supplens

456 4815 486 4858 ro
626 4795 735 4861 intulit
756 4795 905 4880 egregios
932 4796 974 4860 ad
996 4802 1053 4861 tua
1074 4803 1150 4860 vota
1172 4796 1270 4861 viros.

274 5078 300 5123 tu
319 5077 392 5124 tituto
409 5087 539 5123 vesunu
558 5075 579 5122 G
669 5085 782 5121 uouourr
801 5072 867 5120 GBL
957 5085 1138 5121 rnnssurrunr
1160 5073 1190 5135 0,
1211 5085 1388 5121 suusnrnuur
1406 5073 1437 5133 B,
1456 5073 1689 5135 sursumsunt,
1710 5076 1773 5120 runi
1796 5073 1843 5121 CM

203 5163 248 5206 uuir
269 5161 291 5206 Α
396 5173 496 5209 rrnnrcr
513 5172 616 5208 rucrrrr
635 5170 717 5207 urunn
734 5169 832 5206 neruus
849 5171 993 5207 ostreum
1011 5159 1044 5217 A,
1065 5171 1100 5208 rr.
1120 5171 1145 5206 u.
1166 5172 1191 5208 r.
1213 5171 1231 5208 r.
1251 5171 1276 5208 r.
1297 5159 1364 5218 reti,
1387 5157 1428 5206 sed
1446 5170 1481 5208 rr.
1502 5165 1525 5208 et
1543 5173 1567 5209 r.
1587 5173 1636 5207 om.
1659 5159 1687 5220 F,
1707 5172 1732 5209 r.
1751 5172 1801 5208 om.
1821 5160 1842 5207 t

270 5245 389 5294 ltr'tulus
407 5249 554 5296 contemtus
572 5259 628 5294 eum
647 5244 704 5292 litet
721 5245 793 5293 tituto
810 5249 838 5293 ut
856 5246 916 5295 rotet
934 5249 961 5294 ἐπ
976 5247 1058 5306 prtmo
1075 5247 1185 5294 cunutus
1275 5257 1416 5292 susurronis
1430 5243 1456 5305 0,
1478 5257 1641 5294 munuum
1654 5245 1677 5292 F
1763 5245 1775 5295 l
1796 5259 1843 5294 eu-

201 5335 280 5378 testes
299 5329 341 5391 Αἱ,
371 5333 478 5381 antestis
499 5330 592 5390 cnm,
621 5329 764 5379 eutisttslt
903 5332 919 5380 2
943 5329 987 5402 {p
1005 5331 1076 5379 codd.
1097 5336 1125 5378 ut
1143 5333 1170 5379 iu
1188 5331 1231 5380 hoo
1249 5333 1349 5380 nomine
1366 5329 1418 5390 sm
1434 5331 1522 5394 utique
1663 5331 1677 5376 :t
1701 5337 1726 5379 te
1749 5346 1798 5381 om.
1820 5331 1844 5377 1)

201 5415 217 5464 6
236 5423 287 5465 tem
306 5417 471 5480 pietntemplu
492 5415 521 5462 0¹
662 5417 676 5465 ἵ
696 5430 752 5466 cnm
771 5416 866 5465 domini
885 5435 900 5464 s
920 5419 986 5468 sedit
1008 5416 1050 5477 δ’,
1071 5431 1127 5465 oum
1146 5417 1241 5466 domini
1261 5417 1328 5466 sedit
1350 5417 1370 5464 V
1503 5416 1535 5466 14
1553 5419 1644 5466 intret:
1667 5431 1680 5464 e
1699 5430 1727 5465 ee
1744 5432 1758 5465 ι
1776 5416 1809 5466 Bl

201 5502 304 5550 emendo
322 5505 402 5554 teres:
423 5502 498 5552 oli.
519 5517 570 5552 rus.
598 5504 619 5562 (1
640 5505 705 5562 m..'¹)
726 5502 749 5549 A
856 5501 886 5552 16
905 5500 944 5570 te]
966 5509 994 5552 tu
1013 5501 1085 5553 codd.
1104 5502 1138 5563 cf.
1160 5503 1182 5561 1,
1205 5505 1247 5564 15,
1267 5503 1302 5550 62
1319 5507 1342 5551 ct
1361 5503 1412 5564 111,
1434 5505 1475 5562 15,
1499 5505 1531 5550 18
1548 5499 1604 5552 stud.
1713 5501 1840 5564 requae:

202 5589 479 5651 maufflmmd
