4456 6202
1074 283 1302 340 PROOEMIVM.

917 594 977 676 lll.
1013 594 1126 678 VITA
1153 595 1189 678 S.
1219 593 1463 678 MARCELLI.

459 783 539 850 (lum
562 785 668 851 Vitam
691 784 837 850 Marcelli
858 784 1052 850 Fortunatus
1074 782 1165 848 iussu
1189 782 1342 848 Germani
1363 782 1556 848 Parisiorum
1580 783 1740 869 episcopi,
1775 784 1827 849 cui
1854 805 1926 851 eam
1949 785 2011 852 de-

372 902 502 986 dicavit,
529 905 708 990 scripserit,
741 911 816 970 ante
838 925 870 970 a.
897 907 968 985 576,
1003 903 1079 969 Mai.
1107 905 1157 984 28,
1192 922 1254 987 quo
1277 903 1457 969 Germanus
1480 902 1573 988 obiit,
1607 923 1677 970 eam
1701 904 1910 990 compositam
1933 926 2010 972 csse

370 1043 504 1090 necesse
532 1031 591 1091 est.
638 1025 699 1093 Vel
729 1045 767 1092 eo
795 1031 938 1111 tempore
967 1030 1058 1091 actus
1089 1024 1123 1089 S.
1148 1023 1294 1090 Marcelli
1328 1027 1522 1110 ‘tempomm
1544 1030 1705 1092 vetustate
1728 1025 1873 1111 subrepti
1897 1027 2008 1093 erant'

370 1150 467 1228 atque
495 1148 617 1230 ‘pauca
639 1145 680 1213 de
701 1146 773 1214 cius
796 1146 897 1230 gestis
918 1129 1069 1212 felicibus
1090 1151 1183 1211 erant
1203 1144 1247 1211 ad
1269 1164 1310 1211 ea
1332 1150 1478 1230 tempora
1500 1145 1656 1212 relatione
1677 1145 1805 1214 vivente
1821 1146 2006 1232 perducta'.

371 1264 477 1331 Vitam
493 1265 637 1332 Marcelli
652 1267 848 1334 Fortunatus
863 1265 1057 1350 Radegundi
1071 1265 1190 1332 absens
1206 1265 1302 1347 misit,
1330 1263 1381 1331 bis
1396 1265 1546 1332 versibus
1561 1266 1683 1333 additis
1706 1269 1802 1349 (Fort.
1821 1267 1904 1353 Opp.
1923 1268 1950 1351 l,
1976 1274 2003 1346 l,

371 1405 404 1469 p.
423 1388 497 1467 287,
523 1386 607 1471 App.
634 1407 662 1452 c.
681 1387 787 1471 XXII,
813 1408 845 1453 v.
867 1389 937 1471 ¹5i²

782 1510 853 1572 binc
876 1509 930 1572 tibi
951 1528 1033 1570 nunc
1055 1508 1164 1570 absens
1188 1509 1330 1572 Marcelli
1351 1528 1482 1571 munera
1504 1511 1585 1590 misi,

868 1615 918 1676 cui
939 1613 1021 1674 dedit
1043 1613 1199 1674 caucclsum
1221 1614 1286 1674 cita
1310 1611 1399 1675 beata
1422 1614 1528 1693 locum,

782 1724 810 1779 et
831 1717 859 1778 si
882 1716 1065 1797 displiceant
1087 1716 1211 1798 indipno
1234 1715 1329 1778 uerba
1352 1716 1463 1796 relatu,

868 1821 1065 1902 complaceant
1086 1821 1188 1881 animo
1211 1820 1301 1902 sipna
1322 1838 1459 1902 superna
1482 1829 1543 1883 tuo.

367 1938 473 2004 Etiam
496 1937 671 2024 Gregorius
693 1939 727 2006 in
750 1940 839 2005 Glor.
865 1937 959 2005 (loni.
984 1958 1013 2003 c.
1039 1939 1079 2002 87
1102 1936 1154 2002 bis
1177 1937 1285 2003 verbis
1308 1937 1379 2004 eius
1401 1939 1595 2006 mentionem
1618 1939 1709 2005 lecit:
1741 1941 1907 2004 Marcellus
1930 1961 2006 2004 vero

369 2049 547 2126 Parisiacae
568 2063 656 2125 urbis
679 2065 846 2145 episcopus,
873 2064 927 2145 qui
947 2061 1110 2145 quondam,
1135 2068 1171 2122 ut
1193 2062 1224 2122 ln
1244 2062 1310 2122 cius
1333 2063 1398 2124 vita
1420 2063 1539 2145 lepitur,
1566 2071 1735 2144 serpentem
1757 2065 1926 2125 inmersum
1950 2062 2007 2126 boc

366 2182 487 2264 depellit
510 2183 548 2246 ab
571 2185 691 2266 oppido.
739 2181 900 2249 Libellum
928 2201 948 2246 a
969 2178 1171 2262 Radegunde
1201 2178 1235 2245 in
1263 2179 1460 2247 bibliotheca
1489 2181 1676 2248 monasterii
1699 2181 1733 2247 S.
1759 2181 1871 2249 Gmcis
1893 2181 2006 2248 Picta-

365 2300 486 2367 viensis
517 2303 706 2370 collocatum
736 2303 834 2388 paulo
864 2308 938 2388 post
959 2299 1162 2367 Baudoniria
1189 2299 1288 2385 legit,
1321 2308 1354 2368 et
1384 2321 1455 2368 cum
1487 2302 1683 2387 prooemium
1712 2309 1823 2368 ornato
1853 2322 2005 2369 sermone

364 2440 555 2508 componere
576 2423 650 2510 ipsa
670 2422 817 2506 nesciret,
844 2422 920 2490 inde
943 2421 1144 2508 potissimum
1167 2422 1334 2489 Fortunati
1362 2427 1561 2489 ‘sermonum
1583 2421 1693 2488 florcs'
1716 2422 1823 2490 iurata
1845 2430 1910 2490 est:

623 2563 708 2628 Prol.
733 2562 772 2627 V.
797 2561 943 2628 Marcelli
1452 2561 1537 2626 Prol.
1563 2559 1786 2628 Baudoniviae

406 2685 479 2764 puin
498 2683 639 2746 babentes
660 2685 745 2746 intra
765 2703 797 2746 se
813 2683 913 2766 sontes
932 2684 1117 2766 eloquentiae
1132 2682 1169 2745 de
1237 2685 1291 2765 qui
1318 2683 1459 2747 babentes
1490 2687 1574 2747 iutra
1601 2701 1633 2745 se
1659 2683 1772 2764 sontem
1800 2685 1999 2767 eloquentiae,

405 2788 470 2867 ipso
486 2789 563 2850 sicco
580 2787 706 2850 themate
721 2787 895 2850 didicerunt
908 2787 1010 2849 undas
1025 2786 1165 2849 baur-ire.

409 2890 489 2952 Vnde
510 2891 657 2974 quidquid
679 2891 741 2953 illis
765 2892 935 2973 iniunpitur
958 2891 1095 2953 carmine
1116 2891 1164 2951 in·
1236 2891 1316 2952 unde
1338 2890 1486 2973 quidquid
1509 2889 1571 2953 illis
1594 2891 1766 2974 iniunpitur
1788 2893 1927 2954 carmine
1951 2912 2002 2954 rr-

404 2994 493 3076 ripuo
515 2996 665 3075 copiosius
688 2994 877 3076 replicatur.
920 2996 1027 3056 Verum
1043 3001 1166 3056 econtra
1235 2997 1324 3078 ripun
1346 2997 1495 3075 copiosius
1518 2995 1706 3076 amplientur.
1749 2997 1856 3057 Verum
1874 3005 2001 3058 econtra

403 3098 583 3181 quicumque
609 3105 759 3183 capasiae
780 3098 999 3181 intellepentiac
1021 3097 1166 3159 ariditate
1235 3101 1414 3181 quicumque
1461 3104 1611 3181 angustae
1659 3098 1878 3182 intellegentiae
1925 3108 2002 3162 sunt

404 3208 562 3264 torrentur
581 3221 635 3264 nec
650 3201 761 3265 babeat
775 3201 967 3284 affluentiam
984 3200 1165 3263 inundantis
1418 3221 1472 3264 nec
1494 3201 1604 3263 babent
1625 3201 1817 3284 affluentiam

402 3305 520 3387 eloquii,
547 3325 603 3386 per
626 3324 717 3387 quam
733 3307 781 3368 cel
796 3307 873 3368 alios
888 3306 1012 3386 reficere
1026 3304 1074 3366 vel
1089 3323 1164 3366 suae
1234 3306 1354 3387 eloquii,
1378 3325 1435 3387 per
1457 3325 1548 3388 mom
1564 3305 1612 3367 vel
1628 3305 1706 3367 alios
1722 3307 1844 3386 reficere
1859 3306 1906 3368 uel
1921 3325 2000 3368 suae

402 3410 545 3471 siccitatis
566 3411 685 3492 possint
706 3411 841 3491 inopiam
864 3417 1052 3489 temperare,
1087 3409 1163 3470 icles
1233 3411 1378 3473 siccitatis
1399 3412 1518 3491 possint
1541 3411 1674 3490 inopiam
1698 3417 1882 3490 temperare,
1918 3411 1999 3472 tales

400 3529 462 3573 non
477 3514 575 3575 solium
591 3515 699 3596 aliqua
712 3532 773 3575 non
789 3511 859 3594 (non
872 3531 934 3576 om.
949 3509 985 3594 P)
998 3531 1056 3592 per
1071 3531 1102 3574 se
1115 3512 1163 3574 di·
1352 3533 1413 3575 non
1435 3515 1534 3575 solum
1555 3531 1612 3594 per
1634 3531 1666 3574 se
1689 3513 1808 3594 aliquid
1829 3514 1879 3576 di-

400 3633 468 3676 cere
490 3625 646 3699 appetunt,
673 3636 781 3679 uerum
803 3618 894 3679 etiam
917 3617 946 3677 si
965 3615 1097 3697 quiduis
1114 3617 1163 3677 in·
1232 3635 1300 3679 cere
1323 3625 1476 3699 appetunt,
1504 3635 1611 3678 verum
1634 3617 1725 3678 ctiam
1748 3619 1777 3677 si
1797 3616 1871 3699 quid
1885 3618 1929 3678 eis
1945 3619 1998 3678 in-

466 3722 600 3781 iunctum
619 3720 717 3801 fuerit
735 3719 989 3802 pernorrescunt,
1023 3739 1097 3802 quo-
1232 3723 1366 3783 iunctum
1379 3721 1477 3802 fucrit
1488 3722 1721 3801 pertimescunt,
1746 3755 1788 3766 -
1802 3755 1845 3765 -
1861 3755 1903 3764 —
1918 3738 1997 3801 puo-

400 3825 484 3884 niam
514 3831 662 3905 mantum
692 3824 786 3887 doctis
807 3823 950 3905 proloqui
971 3830 1089 3884 tactuum
1112 3824 1161 3884 in·
1230 3826 1317 3886 niam
1346 3831 1495 3906 quantum
1525 3824 1618 3886 doctis
1638 3825 1781 3906 proloqui
1802 3831 1920 3885 tautum
1945 3826 1996 3884 in-

400 3927 492 3988 doctis
519 3927 594 3988 rutile
617 3928 652 4007 fit
679 3935 790 3989 tacere.
837 3929 917 3990 Nam
944 3927 991 3988 illi
1017 3926 1053 3988 de
1082 3945 1161 4006 par·
1230 3928 1324 3990 doctis
1340 3928 1413 3989 rutile
1424 3929 1457 4008 fit
1470 3934 1580 3989 iacere.
1605 3929 1684 3990 Nam
1697 3927 1996 4008 illisciunidepar-

399 4032 447 4092 uis
462 4049 575 4112 mapna
590 4030 750 4110 disserere,
771 4032 823 4092 isti
837 4032 873 4092 de
888 4031 1007 4111 maprtis
1022 4032 1161 4092 nesciunt
1230 4034 1279 4093 cis
1294 4051 1408 4114 mapna
1423 4030 1585 4110 disserere,
1604 4033 1657 4094 isti
1670 4031 1707 4093 de
1722 4032 1843 4113 mapnis
1854 4033 1996 4093 nesciunt

399 4133 448 4194 uel
467 4121 570 4214 parua
590 4119 752 4216 proferre,
786 4142 814 4195 et
836 4134 901 4196 ideo
924 4133 1003 4215 quood
1025 4133 1063 4195 ab
1086 4135 1160 4196 aliis
1230 4136 1279 4197 ucl
1297 4152 1401 4216 parua
1422 4134 1578 4215 proferre,
1613 4142 1641 4197 et
1668 4135 1733 4197 idco
1755 4133 1834 4218 quod
1856 4133 1894 4196 ab
1918 4135 1994 4197 aliis

398 4239 559 4318 quomitur
582 4236 620 4298 ab
643 4239 715 4300 aliis
735 4237 935 4319 formidatur.
1230 4240 1393 4321 quaeritur
1415 4237 1454 4299 ab
1476 4239 1548 4300 aliis
1567 4238 1767 4320 formidatur.

354 4353 482 4421 Adiecit
503 4354 706 4422 Baudonivia
736 4356 841 4422 locum
864 4377 883 4422 e
906 4356 1039 4441 prologo
1062 4355 1155 4425 Vitae
1178 4356 1294 4423 Hilarii
1317 4355 1463 4443 petitum.
1510 4356 1655 4422 Marcelli
1677 4355 1777 4422 vitam
1800 4355 1990 4438 Tillemont,

353 4474 450 4541 Mem.
476 4451 510 4540 b.
535 4495 566 4542 e.
596 4477 699 4561 (1705)
727 4476 769 4558 X,
789 4479 851 4541 416
875 4482 908 4542 et
929 4483 1076 4542 auctores
1099 4478 1174 4544 bist.
1200 4478 1261 4544 litt.
1286 4477 1490 4562 Ebanc‘ogall.
1521 4478 1626 4561 (1735)
1649 4475 1707 4560 lIl,
1728 4479 1790 4541 483
1813 4476 1993 4543 Fortunato

354 4597 553 4663 Vercellensi
575 4597 802 4680 attribuerunt,
828 4604 943 4683 poetae
965 4617 1037 4694 esse
1059 4606 1215 4693 negantes
1237 4606 1366 4685 propter
1386 4604 1537 4683 quattuor
1559 4616 1685 4679 causas,
1713 4596 1836 4663 scilicet
1856 4597 1989 4664 titulum

353 4722 525 4802 episcopum
547 4719 723 4785 Fortunato
745 4717 779 4783 in
801 4719 833 4782 M
855 4717 1021 4802 additum,
1055 4719 1163 4784 stilum
1187 4718 1427 4804 simpliciorem,
1463 4719 1659 4786 Germanum
1681 4719 1805 4799 vivum,
1840 4717 1992 4802 Gregorii

353 4839 394 4905 de
409 4838 583 4907 Fortunato
613 4845 742 4906 auctore
765 4838 938 4905 silentium.
978 4839 1021 4904 At
1043 4840 1162 4905 lemma
1178 4839 1281 4906 codici
1297 4841 1329 4904 M
1344 4847 1458 4926 postca
1473 4839 1633 4905 adiectum
1650 4844 1709 4904 est.
1751 4839 1862 4906 Sermo
1877 4847 1990 4905 autem

351 4966 416 5026 tam
440 4959 578 5046 simplex
600 4981 698 5043 quam
719 4959 754 5026 in
776 4958 909 5044 reliquis
924 4960 1090 5027 Fortunati
1106 4960 1234 5046 scriptis
1249 4959 1522 5046 hagiographicis.
1562 4960 1644 5025 Item
1659 4959 1787 5025 Martini
1797 4959 1832 5042 ³⁰]
1858 4979 1991 5043 quoquc

351 5081 456 5148 Vitam
480 5081 642 5147 Germano
664 5079 738 5146 vivo
760 5080 954 5146 Fortunatus
976 5079 1089 5146 edidit.
1129 5081 1276 5166 Denique
1298 5082 1396 5148 etiam
1419 5080 1453 5146 in
1475 5081 1550 5146 Vita
1571 5079 1688 5145 Hilarii
1710 5079 1886 5164 Gregorius
1908 5101 1992 5147 anc-

350 5208 452 5268 torem
473 5202 682 5269 Fortunatam
711 5199 849 5266 reticuit.
896 5200 1009 5284 Neque
1032 5201 1153 5268 Luchio
1176 5223 1208 5288 p.
1237 5205 1297 5267 129
1326 5207 1504 5268 ‘momenta
1526 5208 1558 5268 et
1580 5199 1783 5267 coniecturae
1805 5199 1888 5265 tanti
1910 5221 1989 5269 esse

350 5322 559 5407 videbantur,
591 5322 801 5409 quamobrem
828 5320 875 5386 ita
904 5339 940 5388 se
969 5321 1089 5388 habere
1121 5342 1187 5389 rem
1216 5322 1387 5389 iudicaret'
1416 5342 1521 5407 neque
1551 5322 1666 5405 libert,
1700 5319 1894 5387 Geschichte
1925 5321 1988 5389 der

437 5603 477 5667 30)
500 5603 539 5652 Ol.
561 5603 651 5666 Script.
674 5603 730 5653 Ber.
752 5603 845 5651 Meros.
867 5603 889 5664 1,
910 5599 935 5664 2,
956 5617 981 5663 p.
1005 5601 1064 5651 452.
