4478 6188
632 492 722 578 Opus
745 500 904 559 sacratum
927 493 1097 574 construit,
1121 567 1124 572 ,

548 616 577 657 ιο
631 596 729 664 fidem
751 597 844 663 docet
865 597 1086 683 baptismatis,

632 701 690 768 sed
711 701 910 767 audientium
934 700 1073 768 caecitas

631 824 746 872 munus
768 804 897 889 repellit
918 803 1060 870 seminis.

631 1012 775 1079 Instante
797 1031 888 1078 sacro
910 1011 1053 1077 antistite

631 1135 737 1182 errore
759 1117 888 1201 plebem
912 1116 1038 1181 solvere

547 1240 577 1280 rs
631 1218 708 1285 dum
729 1240 821 1306 spem
844 1219 958 1286 salutis
979 1219 1115 1302 ingerit,

629 1329 787 1390 tormenta
809 1323 919 1390 mortis
934 1321 1064 1389 incidit.

630 1532 772 1598 Tenetur
793 1551 814 1596 a
835 1529 1012 1615 gentilibus

630 1634 749 1701 Christi
770 1636 903 1720 placens
925 1633 1098 1718 altaribus,

629 1759 738 1805 amore
761 1746 870 1805 tantae
892 1738 1014 1823 gloriae

629 1862 750 1929 poenas
772 1843 910 1910 libenter
931 1842 1060 1928 exeipit.

629 2011 734 2116 unum
756 2049 842 2134 quon
863 2050 912 2115 nn
935 2049 1055 2133 defuit,

628 2175 685 2239 pro
707 2173 784 2238 rege
807 2155 891 2220 eolla
913 2153 1060 2219 tradidit:

627 2794 793 2878 Agnoscat
815 2815 908 2861 omne
930 2795 1095 2862 saeculum

628 2899 758 2986 venisse
780 2898 867 2966 vitae
890 2898 1083 2985 praemium:
1105 2922 1106 2925 ¹

629 3009 702 3087 post
722 3002 823 3070 hostis
845 3003 952 3088 asperi
974 3002 1085 3086 iugum

629 3107 780 3192 apparuit
801 3107 989 3192 redemptio.

565 3336 577 3374 s
630 3313 746 3380 Esaias
768 3334 851 3398 quae
873 3314 989 3380 cecinit

631 3417 789 3503 completa
811 3418 939 3484 suntin
962 3418 1104 3502 virgine,

631 3522 833 3589 annuntiavit
855 3522 1010 3606 angelus,

632 3632 762 3693 sanctus
784 3626 921 3711 replevit
943 3625 1084 3711 spiritns.

631 3833 735 3899 Maria
756 3841 867 3900 ventre
890 3833 1028 3918 concipit

631 3936 722 4003 verbi
744 3936 850 4003 fidelis
872 3937 1013 4020 semine,

1142 301 1345 358 cnunluvn

631 4060 727 4123 quem
749 4047 836 4106 totus
858 4040 944 4107 orbis
966 4061 1030 4107 non
1053 4041 1155 4126 capit,

631 4150 758 4230 portant
780 4144 911 4230 puellae
932 4144 1068 4211 viscera.

632 4350 737 4418 Radix
758 4352 848 4418 Iesse
870 4350 977 4418 floruit

633 4461 665 4521 et
687 4451 779 4539 virga
801 4455 938 4521 fructum
960 4455 1072 4521 edidit.
1112 4451 1119 4474 ⁹

551 4579 581 4619 rs
633 4557 775 4625 secunda
795 4566 922 4645 partum
945 4557 1076 4644 protulit

634 4669 666 4728 et
688 4662 778 4747 virgo
800 4669 902 4728 muter
923 4669 1099 4748 permanet.

1435 490 1639 560 dilectionem
1654 485 1802 579 'pectoris

1436 597 1559 664 cervice
1581 617 1677 664 caesa
1699 599 1850 684 prodidit.

1350 825 1381 867 2⁵
1435 801 1573 886 Magnus
1596 804 1748 871 sacerdos
1770 806 1824 888 qni
1847 807 1947 874 dabat

1433 906 1547 991 templi
1570 915 1696 974 saerata
1719 929 1867 994 munera,

1435 1008 1507 1075 fuso
1529 1009 1625 1077 beato
1648 1013 1806 1096 sanguine

1435 1121 1484 1179 est
1505 1112 1609 1180 sactus
1632 1115 1703 1199 ipse
1725 1116 1866 1183 victima.

1433 1320 1527 1387 Felix
1549 1322 1603 1408 pio
1627 1323 1668 1388 de
1691 1325 1842 1409 vulnere,

1434 1444 1517 1507 quae
1539 1446 1645 1511 poena
1667 1427 1807 1512 palmam
1831 1431 1999 1514 praebuit!

1433 1529 1487 1610 qui
1509 1539 1610 1596 morte
1632 1537 1765 1598 mortem
1788 1535 1943 1618 conteris,

1433 1653 1517 1698 nunc
1539 1653 1639 1718 regna
1662 1636 1745 1701 caeli
1767 1637 1928 1721 possides.

1433 1839 1544 1906 Gloria
1568 1841 1610 1907 sit
1631 1842 1692 1909 deo
1713 1843 1815 1928 patri,

1432 1945 1536 2028 gloria
1559 1946 1742 2032 unigenito,

1432 2069 1589 2116 unacum
1614 2059 1723 2117 sancto
1746 2053 1859 2136 spiritu

1431 2151 1471 2217 in
1488 2154 1684 2239 sempiterna
1706 2156 1847 2223 saecula.

1430 2794 1591 2879 Praesepe
1613 2795 1688 2880 poni
1711 2796 1843 2882 pertulit

1432 2899 1486 2980 qui
1509 2898 1590 2965 lucis
1613 2905 1723 2965 auctor
1745 2901 1865 2986 extitit,

1432 3021 1504 3069 cum
1526 3009 1617 3087 patre
1640 3004 1749 3070 caelos
1771 3006 1931 3090 condidit,

1432 3106 1493 3172 sub
1514 3114 1616 3173 matre
1638 3128 1762 3193 pannos
1784 3108 1899 3176 induit.

1364 3393 1365 3396 Ἴ
1434 3313 1555 3396 Legem
1576 3313 1667 3380 dedit
1687 3315 1743 3397 qui
1765 3318 1908 3401 saeculo,

1434 3417 1524 3483 cuius
1548 3417 1660 3486 decem
1682 3427 1856 3505 praecepta
1878 3431 1953 3490 sunt

1434 3520 1598 3604 dignando
1621 3522 1725 3589 factus
1748 3525 1914 3592 esthemo

1434 3626 1494 3691 sub
1518 3625 1601 3710 legis
1624 3645 1697 3694 esse
1719 3627 1858 3696 vinculo.

1434 3831 1539 3898 Adam
1562 3840 1655 3900 vetus
1677 3832 1762 3916 quod
1784 3836 1915 3921 polluit,

1433 3935 1539 4012 Adam
1560 3957 1662 4006 novus
1684 3936 1745 4004 hoc
1766 3938 1886 4024 abluit,

1433 4045 1561 4106 tumens
1583 4038 1669 4124 quod
1690 4040 1747 4107 ille
1770 4041 1884 4126 deicit,

1433 4141 1632 4210 humillimus
1654 4144 1706 4211 hic
1727 4145 1832 4230 erigit.

1434 4351 1504 4416 lam
1525 4357 1612 4417 nata.
1625 4351 1680 4418 lux
1703 4358 1753 4419 est
1774 4360 1806 4419 ct
1827 4353 1936 4440 salus,

1351 4477 1381 4517 ao
1435 4453 1549 4539 fugata
1569 4475 1632 4522 nox
1655 4462 1687 4522 et
1709 4455 1794 4522 victa
1815 4476 1918 4542 mors,

1435 4558 1542 4626 venite
1564 4567 1696 4644 genter,
1723 4559 1860 4627 credite:

1436 4661 1533 4729 deum
1555 4662 1658 4728 Maria
1679 4664 1820 4748 protulit.

428 4925 839 4935 ———--—--———-.-

427 5119 527 5167 sltlonls
550 5100 748 5181 pulcherrimum
771 5115 803 5164 dc
825 5117 876 5164 isto
897 5116 1076 5176 gloriosissimo
1095 5111 1199 5176 martyre
1216 5115 1364 5178 composuit.
1402 5116 1430 5163 ln
1449 5129 1498 5178 qno
1515 5121 1688 5164 commemorat
1706 5130 1764 5165 eum
1782 5133 1796 5166 a
1814 5115 1843 5166 Β.
1863 5117 1996 5169 Clemente
2015 5123 2062 5172 de·

428 5208 564 5267 stinctum,
590 5197 657 5254 sicut
679 5204 706 5252 ln
725 5204 871 5251 Latinorum
894 5203 992 5265 paginis
1017 5202 1115 5251 didicit.
1154 5203 1185 5250 de
1208 5203 1309 5252 natione
1333 5205 1417 5251 antem
1436 5203 1490 5250 elus
1509 5208 1534 5252 ot
1551 5202 1706 5251 ordinatione
1725 5203 1882 5267 episcopatus
1901 5208 2062 5258 montionem

340 5269 341 5276 ἵ
429 5305 478 5341 non
497 5293 564 5354 tsclt,
585 5291 644 5353 qula
660 5290 763 5350 linguae
781 5301 883 5351 graecae
901 5288 1005 5351 penitus
1022 5301 1114 5350 expers
1132 5289 1181 5337 luit
1288 5285 1545 5340 13-16on.1)ao.
1652 5288 1685 5338 30
1703 5285 1779 5356 quau]
1797 5291 1861 5352 quod
1880 5291 1949 5341 Dan.

496 5378 547 5428 Vll
618 5377 747 5426 Fabricios
761 5380 828 5439 poet.
848 5376 930 5424 eculeo.
948 5390 975 5437 p.
991 5376 1051 5436 964,
1072 5375 1170 5424 Brotocr
1185 5389 1212 5436 p.
1227 5376 1277 5422 185
1295 5379 1318 5423 et
1335 5374 1414 5423 Lucil
1428 5390 1455 5437 p.
1471 5375 1521 5424 26³
1544 5375 1630 5438 (VIII,
1651 5377 1687 5439 3),
1708 5376 1800 5425 Daniel
1817 5377 1834 5422 1
1847 5391 1875 5438 p.
1891 5379 1942 5426 1⁵9
1961 5379 1998 5440 cf.
2022 5381 2065 5430 IV

426 5480 453 5528 p.
468 5459 519 5515 176
590 5453 715 5512 Fabricius
732 5462 809 5511 edidit
826 5464 889 5520 later
906 5463 1018 5510 comino
1036 5460 1143 5522 1111111,
1162 5462 1267 5521 foetosae
1286 5459 1423 5509 secandam
1440 5461 1547 5510 codicem
1566 5459 1757 5526 Mendaeum,
1777 5462 1813 5523 cf.
1832 5471 1963 5514 commeat.
1983 5481 2013 5529 p.
2029 5472 2064 5520 66

428 5553 535 5601 Browcr.
555 5556 606 5598 aot.
626 5565 651 5611 p.
668 5552 717 5598 rol
830 5543 979 5598 Temenos
996 5550 1023 5597 iu
1041 5550 1153 5608 catologo
1175 5549 1206 5610 (v.
1227 5563 1247 5597 a.
1268 5547 1302 5595 od
1322 5550 1336 5595 1
1342 5547 1369 5611 V)
1391 5547 1464 5597 laius
1482 5549 1565 5610 lpmru'
1584 5551 1684 5597 initium
1701 5555 1730 5597 ut
1745 5552 1820 5610 primi
1838 5553 1903 5598 tnta
1921 5553 1954 5600 76
1974 5553 2066 5615 adfert

430 5637 496 5697 lef.
518 5638 540 5699 1,
564 5638 604 5696 16,
628 5642 638 5683 1
746 5636 760 5684 5
779 5634 890 5685 ccrieinlt
909 5635 1036 5684 Fabricios
1144 5635 1172 5684 m
1192 5636 1289 5684 fructus
1307 5635 1436 5684 Fabricius
