4336 6262
826 329 919 387 VITA
936 327 1053 386 BEATI
1071 329 1258 387 MAVRILII.
1342 337 1344 342 '
1818 333 1857 396 91

232 529 293 610 (58)
320 526 405 591 Dum
428 524 526 608 igitur
549 523 630 588 haec
650 522 684 587 in
704 521 807 587 vicem
836 521 1003 587 volverent
1029 541 1090 587 nec
1119 519 1258 587 diffinire
1288 520 1451 602 valerent,
1490 521 1594 587 subito
1624 521 1860 586 sanctissimum

226 636 358 696 6666166
387 628 477 695 66616
506 626 685 693 1666616666
713 623 1012 710 archiepiscopum,
1051 623 1143 690 cuius
1172 631 1204 690 et
1233 623 1337 709 potior
1365 631 1434 690 crat
1461 631 1605 708 potestas
1634 623 1862 690 Andecavensi

227 733 386 799 ecclesiae
408 729 593 817 pontificem
615 729 752 812 eligere,
780 727 952 793 nunciatur
973 725 1089 793 666666
1112 726 1296 793 Martinam.
1348 729 1407 810 (59)
1436 727 1540 793 Η6166
1564 727 1640 793 dum
1664 747 1769 811 paene
1791 747 1861 792 om-

226 855 286 902 nes
308 834 502 902 sententiam
524 833 808 919 praestolarentur,
835 830 895 896 ait:
923 830 991 896 Viri
1014 830 1140 912 fratres,
1166 830 1277 897 audite
1300 839 1333 896 et
1354 830 1521 897 adtendite
1545 829 1714 896 consilium
1729 831 1858 895 bonum.

192 939 290 1018 sQui
323 959 343 1004 a
372 937 434 1003 deo
465 937 557 1002 vobis
586 936 711 1001 electus
740 941 790 1000 est
818 933 963 1019 pontifex
993 933 1099 1019 ipsum
1130 934 1282 1019 suscipite
1313 934 1526 1001 sacerdotem.
1580 933 1666 999 Sane
1694 934 1862 1000 Mamilius

226 1041 439 1108 Calcnnensis
469 1040 628 1106 ecclesiae
656 1036 815 1123 presbiter
844 1036 905 1104 erit
932 1036 1077 1122 pontifex
1105 1043 1223 1103 666166.
1276 1039 1335 1118 (66)
1364 1035 1459 1113 Quod
1482 1035 1651 1102 audientes
1675 1036 1778 1122 primo
1801 1037 1863 1102 mi-

226 1145 287 1211 rati
309 1150 392 1224 sunt,
420 1142 480 1209 sed
502 1142 581 1225 quia
602 1142 696 1209 simul
712 1139 856 1207 Maurilii
878 1139 943 1205 iam
965 1147 1122 1206 noverant
1145 1147 1177 1206 61
1200 1140 1334 1206 virtutes
1357 1149 1390 1206 61
1408 1140 1533 1220 merita,
1560 1141 1739 1226 postposita
1755 1141 1862 1208 statim

226 1247 311 1313 omni
333 1246 431 1332 priori
454 1245 638 1330 ignorantia
660 1264 734 1310 mox
756 1243 828 1329 pari
850 1250 957 1309 mente
980 1263 1019 1309 ac
1041 1249 1114 1310 voto
1136 1243 1170 1309 in
1192 1263 1289 1309 unam
1312 1263 1430 1310 venere
1453 1244 1657 1309 sententiam.
1705 1244 1863 1330 Accepto-

226 1369 288 1434 que
312 1348 420 1414 domni
443 1347 678 1434 archiepiscopi
700 1353 892 1432 praecepto,
919 1347 1086 1413 celerrime
1109 1346 1292 1430 diriguntur
1314 1347 1357 1412 ad
1379 1346 1501 1430 virum,
1527 1367 1622 1430 quem
1644 1347 1696 1413 fisi
1719 1349 1862 1434 episcopi

106 1493 110 1500 ·
178 1475 207 1516 rc
226 1453 416 1520 auctoritate
439 1452 481 1518 de
504 1451 634 1536 propria
654 1457 783 1535 raptum
805 1449 947 1516 ecclesia
969 1450 1099 1516 Martini
1120 1449 1324 1536 praesentiae
1347 1450 1508 1516 nolentem
1532 1451 1659 1516 sistunt.
1712 1452 1773 1534 (61)
1801 1451 1861 1530 Qui

227 1557 303 1622 dum
327 1576 398 1622 cum
420 1558 516 1621 beato
532 1554 668 1620 Martino
690 1553 754 1618 iam
778 1553 950 1620 ecclesiam
972 1553 1206 1638 ingrederetur,
1234 1553 1342 1619 statim
1365 1553 1408 1619 ad
1430 1553 1628 1620 declaranda
1650 1555 1732 1620 tanti
1755 1575 1863 1622 sacer·
1946 1595 1948 1606 ι

227 1659 313 1726 66116
342 1659 457 1726 merita
486 1658 581 1724 niveo
611 1656 752 1724 candore
780 1658 929 1723 columba
958 1656 1115 1723 divinitus
1137 1656 1251 1742 elapsa
1273 1676 1370 1743 super
1392 1664 1490 1741 caput
1510 1657 1613 1741 ipsius
1635 1657 1803 1724 descendit
1824 1679 1862 1726 ac

227 1762 322 1830 sedit.
363 1761 458 1841 Quod
481 1760 629 1827 videntes
652 1760 744 1825 multi
767 1761 810 1826 ad
833 1761 921 1826 beati
943 1759 1075 1826 Martini
1098 1779 1173 1824 mox
1195 1779 1230 1826 se
1252 1779 1289 1826 se
1312 1780 1419 1844 genua
1439 1767 1681 1846 prostraverunt
1695 1762 1863 1828 unanimes

228 1887 293 1933 666
315 1886 394 1933 voce
416 1865 557 1931 fideliter
579 1864 797 1930 acclamantes
819 1863 1004 1929 Mamilium
1027 1863 1215 1948 episcopatu
1238 1882 1312 1930 esse
1334 1864 1577 1948 dignissimum,
1608 1883 1672 1930 non
1695 1865 1736 1931 ab
1760 1864 1864 1930 homi-

178 1989 207 2030 66
227 1969 322 2036 61166
344 1975 469 2036 tantum
492 1968 551 2035 sed
573 1968 614 2034 ab
637 1967 854 2052 omnipotente
878 1967 1016 2032 electum
1038 1986 1078 2032 ac
1101 1966 1367 2032 demonstratum.
1420 1969 1481 2048 (62)
1509 1968 1592 2032 Tum
1612 1968 1782 2035 Maurilius
1804 1968 1862 2035 tali

227 2074 279 2139 vel
302 2073 457 2139 miraculo
480 2073 533 2139 vel
556 2072 706 2157 precibus
728 2070 834 2136 victus
856 2069 977 2154 pariter
999 2075 1032 2135 et
1054 2068 1212 2151 addictus,
1239 2077 1274 2136 ut
1296 2077 1366 2136 erat
1380 2068 1512 2136 humilis
1527 2078 1559 2136 et
1574 2071 1773 2153 mitissimus,
1800 2091 1864 2138 non

227 2175 418 2260 contempsit
444 2175 633 2260 imperium,
667 2173 726 2239 sed
747 2173 887 2257 implens
910 2178 1117 2257 praeceptum
1141 2172 1284 2257 suscepit
1307 2171 1532 2239 sacerdotium.
1581 2174 1681 2254 Nam,
1715 2182 1750 2240 61
1772 2176 1864 2241 multi

227 2279 339 2345 videre
368 2273 568 2361 meruerunt,
601 2276 888 2361 quotienscumque
916 2276 1031 2342 beatos
1054 2276 1211 2356 Martinus
1241 2275 1285 2341 ad
1315 2295 1442 2343 sacram
1471 2277 1682 2342 consecrandi
1710 2278 1863 2345 antistitis

226 2382 485 2449 benedictionem
508 2400 607 2466 66666
629 2388 724 2466 eaput
747 2379 817 2446 eius
841 2378 1041 2446 extendisset
1063 2399 1209 2462 manum,
1240 2398 1369 2464 semper
1392 2380 1422 2445 ei
1446 2378 1596 2464 praefata
1617 2379 1741 2447 aditum
1765 2381 1864 2447 dabat

176 2503 207 2544 ac
228 2486 389 2552 columba.
450 2487 510 2567 (63)
544 2484 619 2550 Τ611
652 2483 751 2568 igitur
783 2483 938 2549 miraculo
972 2490 1103 2549 sanctae
1133 2481 1360 2548 Andecavensi
1394 2483 1489 2547 matri
1523 2483 1681 2550 ecclesiae
1714 2484 1863 2551 Maurilio

227 2589 377 2674 pontifice
399 2589 572 2655 substituto
595 2594 628 2653 et
649 2588 744 2653 beato
767 2586 904 2652 Martino
928 2585 971 2652 66
992 2586 1153 2671 propriam
1176 2585 1288 2652 sedem
1311 2605 1475 2670 regresso,
1503 2585 1590 2653 idem
1611 2587 1864 2671 pretiosissimus

227 2692 391 2758 confessor
414 2691 534 2759 Christi
557 2691 715 2756 Martinus
738 2690 859 2756 referre
882 2689 1014 2775 saepius
1037 2696 1106 2755 erat
1129 2689 1261 2772 solitus,
1287 2689 1374 2772 quod
1397 2688 1441 2755 ad
1463 2689 1720 2755 benedicendum
1744 2689 1864 2756 Mauri-

228 2795 306 2860 lium
335 2795 511 2861 antistitem
541 2812 606 2858 non
635 2793 737 2858 solum
763 2793 797 2857 in
820 2791 928 2877 specie
952 2792 1120 2858 columbae
1143 2791 1430 2886 spiritue'sanctus
1453 2791 1511 2857 666
1533 2792 1631 2858 etiam
1652 2794 1782 2860 affuerit
1804 2815 1864 2860 an-

228 2898 374 2981 gelorum
397 2895 567 2961 exercitus.

176 3013 210 3056 aa
320 3001 381 3081 (61)
413 2997 569 3064 Ordinato
599 2997 708 3080 itaque
738 2997 771 3062 in
802 2995 980 3082 pontificali
1008 2995 1164 3062 cathedra
1191 2995 1235 3061 sd
1264 2996 1436 3080 pastoralis
1466 3016 1563 3063 curae
1591 2998 1803 3064 ministerium
1833 3007 1866 3066 et
1888 2999 1964 3064 XIV

228 3101 406 3168 custodiam
429 3099 549 3167 Christi
572 3100 679 3166 ovium
694 3100 844 3167 Maurilio
867 3098 1028 3185 pontifice,
1054 3105 1145 3165 tanta
1168 3099 1201 3164 in
1223 3119 1262 3165 eo
1284 3098 1406 3164 domini
1428 3099 1534 3184 gratia
1555 3101 1718 3182 mtilabat,
1744 3109 1779 3168 ut
1801 3122 1864 3169 non

228 3205 352 3270 minora
374 3224 432 3290 per
454 3224 529 3270 eum
552 3223 649 3286 quam
672 3203 796 3269 dudum
819 3222 878 3286 per
900 3202 1064 3287 apostolos
1087 3202 1183 3286 signa
1205 3208 1238 3268 et
1255 3201 1411 3267 miracula
1426 3201 1549 3270 fierent.
1603 3205 1664 3288 (65)
1692 3205 1866 3271 11666666-

228 3307 279 3374 bis
307 3314 430 3374 tantum
460 3306 635 3373 daemones
666 3306 848 3390 effugabat,
883 3313 1033 3389 aegrotos
1062 3325 1147 3372 vero·
1169 3306 1238 3371 sola
1266 3305 1410 3372 oratione
1438 3307 1588 3387 curabat,
1622 3306 1682 3373 666
1704 3315 1737 3374 61
1759 3309 1865 3374 caecis

227 3410 378 3496 imposito
407 3409 511 3476 crucis
542 3410 636 3494 signo
657 3409 763 3475 visum
787 3407 956 3476 reddebat.
1005 3409 1092 3475 Sane
1114 3409 1302 3495 paraliticos
1325 3408 1516 3496 saepissime
1537 3410 1582 3477 ad
1603 3411 1772 3496 pristinam
1794 3432 1865 3478 cor-

178 3531 208 3572 66
228 3513 314 3599 66616
341 3512 537 3580 soliditatem
559 3532 656 3579 verus
678 3512 822 3579 medicus
845 3513 957 3579 merito
980 3513 1164 3580 medicante
1186 3513 1369 3580 revocabat.
1421 3515 1483 3599 (66)
1511 3513 1592 3580 Sunt
1614 3514 1711 3580 etiarn
1735 3522 1864 3601 61666-

227 3616 368 3702 plurima
389 3617 455 3682 6116
477 3616 548 3682 6166
570 3615 745 3700 61666616,
772 3636 856 3701 quae
879 3617 956 3684 licet
978 3617 1099 3703 scripta
1122 3637 1185 3683 non
1208 3617 1427 3699 inveniantur,
1461 3625 1571 3683 tamen
1592 3617 1669 3700 quia
1691 3639 1769 3685 vera
1790 3627 1864 3685 sunt

228 3718 366 3786 deiicere
388 3738 451 3786 non
473 3726 618 3805 6666661,
644 3720 704 3786 666
725 3721 899 3787 multomm
921 3741 976 3788 666
999 3721 1214 3787 celebrantur.
1267 3722 1328 3805 (67)
1356 3720 1448 3786 'Palis
1470 3720 1570 3804 igitur
1591 3720 1640 3786 vir
1662 3721 1717 3787 dei
1730 3721 1865 3788 antistes

317 3997 399 4048 1-10
419 3996 589 4060 Mapnebcdua
607 4012 629 4047 c.
652 4000 699 4047 13.-
726 3999 789 4048 Gom
813 4013 872 4060 ergo
895 3999 1044 4049 dissidentia
1067 4000 1135 4048 inter
1158 4013 1186 4048 se
1209 4001 1281 4049 taciti
1303 4000 1409 4048 consilia
1434 3999 1574 4061 volverent,
1601 4013 1659 4049 6666
1684 4014 1728 4064 666
1747 4000 1792 4050 166
1810 4003 1865 4064 1666

228 4086 358 4134 electionis
384 4099 458 4134 66666
476 4085 584 4134 sollicite
602 4084 727 4134 festinans
746 4087 835 4134 beatus
853 4085 978 4135 Martinus
996 4087 1112 4147 pontifex
1132 4087 1252 4136 ecclesiae
1270 4085 1409 4135 'turonicae
1426 4086 1602 4136 sanctissimus
1619 4088 1646 4134 in
1665 4085 1765 4136 Christo
1785 4102 1865 4138 sacer·

228 4169 273 4218 dos
291 4170 373 4230 611611,
394 4172 436 4219 661
455 4171 553 4221 66111661
570 4175 597 4220 61
614 4185 659 4234 666
676 4172 819 4221 66661116116
838 4173 956 4221 meritum
975 4176 1001 4220 61
1018 4186 1063 4235 666
1080 4173 1284 4236 metropolitanae
1303 4173 1370 4222 66616
1388 4173 1550 4236 priuilegium
1567 4178 1678 4235 potestas
1690 4180 1742 4224 6661
1754 4175 1865 4237 eligendi

228 4257 380 4318 pontificem.
418 4257 463 4306 au
480 4271 539 4319 crgo
558 4257 589 4306 ad
607 4271 663 4307 eoa:
688 4251 745 4306 Viri
769 4259 874 4321 fratrea,
903 4259 990 4308 666116
1014 4272 1070 4308 me:
1099 4259 1164 4322 quod
1183 4273 1197 4307 6
1215 4259 1261 4308 666
1279 4259 1388 4308 electum
1406 4263 1445 4309 est
1463 4258 1508 4308 boe
1526 4261 1587 4322 erit,
1614 4272 1664 4308 non
1683 4262 1756 4309 vobis
1774 4261 1865 4312 durum

228 4342 433 4391 conducatur.
471 4343 604 4393 Mauritius
627 4346 757 4407 presbyter
780 4344 900 4394 ecclesiae
919 4345 1086 4394 Galonncnsls
1104 4345 1210 4394 iubente
1228 4345 1274 4394 deo
1291 4346 1347 4407 1666
1365 4347 1413 4394 6611
1430 4347 1500 4395 vobis
1518 4347 1643 4409 pontifex.
1682 4346 1758 4396 Tanti
1777 4354 1864 4398 66616-

228 4430 303 4477 ritate
321 4431 431 4477 censoris
449 4429 507 4478 ilico
525 4431 675 4492 compressis
691 4432 801 4494 partium
820 4431 930 4492 6166116,
949 4433 1016 4480 omni
1035 4444 1102 4480 mera
1120 4432 1259 4495 6661666116
1277 4431 1309 4480 ad
1327 4433 1410 4480 virum
1428 4431 1573 4493 diriguntur
1591 4434 1692 4492 666111,
1720 4433 1865 4483 mandatum

228 4514 396 4578 accipientes,
424 4515 486 4563 velit
504 4517 584 4576 nolit,
611 4515 643 4564 ad
661 4518 749 4566 urbem
768 4521 871 4577 cogatur
889 4519 983 4566 uenire.
1022 4517 1069 4566 lile
1088 4523 1188 4578 autem,
1209 4523 1239 4565 61
1257 4523 1310 4566 erat
1328 4518 1479 4567 mitissimus
1497 4523 1573 4580 atque
1592 4526 1621 4567 ut
1638 4519 1793 4582 reliquarum
1811 4521 1864 4568 rir-

229 4603 314 4648 tutum
332 4601 368 4648 116
386 4614 485 4663 quoque
504 4608 605 4650 6666166
623 4603 798 4652 616661661166
817 4616 922 4652 munere
940 4604 1039 4666 616666,
1060 4616 1109 4652 non
1128 4605 1278 4666 contempsit
1296 4604 1432 4666 imperium
1450 4604 1495 4652 sed
1513 4605 1662 4667 adimplevit
1680 4613 1851 4668 praeceptum.

318 4685 419 4735 tc-tt
439 4685 609 4748 annobodas
627 4689 645 4736 t.
666 4689 701 4736 1..·
728 4687 782 4747 066
807 4691 922 4750 ingresso
946 4690 975 4738 16
998 4690 1105 4738 66616616
1129 4701 1208 4737 coram
1232 4692 1351 4739 universa
1375 4691 1543 4752 inspectantis
1566 4693 1648 4754 plebis
1672 4694 1816 4755 frequentia
1834 4691 1865 4740 ad

229 4771 439 4821 manifestandam
457 4774 561 4833 gratiam
581 4773 677 4823 domini
695 4776 810 4824 columba
829 4788 906 4837 super
923 4780 998 4838 66661
1016 4778 1071 4824 6166
1090 4775 1229 4827 666666611.
1268 4774 1322 4834 066
1340 4778 1393 4827 6166
1411 4778 1494 4827 omnia
1511 4779 1648 4828 multitudo
1667 4777 1697 4826 66
1715 4779 1782 4827 16611
1800 4777 1866 4826 Mar·
1946 4797 1947 4800 ¹

228 4859 279 4906 1161
301 4871 383 4919 genua
400 4871 427 4907 se
446 4865 636 4920 prostraverunt
653 4874 703 4910 666
721 4839 800 4910 alium
819 4863 1003 4932 conclamantes
1021 4876 1096 4925 quam
1115 4861 1263 4912 Maurillnm
1281 4863 1387 4923 dignum
1405 4877 1460 4913 6666
1479 4865 1639 4927 episcopatu,
1665 4878 1715 4913 non
1733 4865 1764 4913 ab
1781 4864 1864 4913 bomi-

229 4946 305 4993 nibus
328 4945 436 4994 electum
459 4945 505 4994 sed
526 4960 542 4995 6
566 4945 611 4996 666
630 4947 678 4996 6111
696 4949 838 5011 praesulem
858 4948 1055 4998 manifestatum.
1095 4950 1145 4997 vbi
1164 4963 1222 4998 vero
1240 4962 1316 5013 super
1334 4955 1409 5012 66661
1427 4951 1483 4999 6166
1502 4952 1542 4999 616
1560 4951 1601 4999 661
1619 4950 1744 4998 Martinus
1763 4964 1864 4999 manum

228 5032 313 5092 posuit
336 5030 366 5078 ad
388 5044 481 5080 sacram
506 5033 708 5082 benedictionem
732 5035 893 5099 tradendam,
920 5040 981 5084 1666
1005 5035 1120 5085 columba
1145 5049 1233 5086 rursus
1255 5037 1437 5086 circumvolans
1455 5037 1537 5099 ipsius
1556 5039 1748 5086 consecrationis
1767 5037 1864 5086 aditum

227 5116 307 5165 dedit.
350 5116 519 5178 Frequentius
545 5125 631 5181 pestes
652 5121 741 5170 beatus
766 5121 890 5171 Martinus
914 5136 971 5171 cum
994 5121 1085 5184 666616
1109 5123 1138 5171 16
1162 5124 1309 5172 memoriam
1333 5124 1477 5186 revocabat,
1503 5123 1569 5186 quod
1594 5123 1734 5172 certissime
1759 5125 1865 5185 spiritus

228 5207 329 5252 6666166
347 5207 373 5251 61
391 5203 537 5264 angelorum
556 5204 645 5254 chorus
663 5205 694 5254 ad
712 5208 793 5269 ipsam
811 5207 1016 5259 benedictionem
1034 5209 1157 5259 affuisset.

314 5287 500 5352 661-661,
522 5291 571 5341 ts
592 5290 799 5354 1666661οά666.
823 5298 871 5344 lt:
898 5295 946 5344 llic
969 5297 1055 5358 itaque
1080 5301 1164 5359 pastor
1186 5298 1273 5346 ovium
1297 5297 1379 5345 factus
1404 5301 1429 5345 et
1453 5309 1521 5344 6666
1545 5307 1578 5343 ex
1602 5295 1745 5358 apostolicis
1770 5295 1864 5346 domini

229 5375 400 5425 sacerdotibus
423 5378 519 5427 electus
544 5384 615 5427 16616
638 5379 763 5429 virtutum
785 5381 915 5444 praeditus
939 5387 993 5431 erat
1017 5383 1113 5445 gratia,
1139 5387 1169 5431 ut
1191 5383 1263 5444 signa
1287 5395 1333 5444 per
1358 5396 1416 5432 enm
1441 5395 1491 5430 non
1510 5383 1595 5430 minus
1612 5396 1687 5444 qnam
1706 5381 1802 5432 dudum
1820 5397 1865 5446 per

227 5461 350 5522 apostolos
376 5461 472 5511 domini
496 5465 594 5514 flerent.
633 5465 695 5514 Nam
719 5467 854 5516 daemones
876 5468 950 5517 serbo
972 5461 1072 5518 tautum
1092 5469 1203 5530 fugabat,
1231 5481 1318 5529 aegros
1336 5470 1389 5518 sola
1407 5470 1517 5518 oratione
1535 5470 1651 5531 curabat,
1679 5469 1724 5518 sed
1742 5475 1768 5517 61
1786 5472 1865 5519 666616

228 5547 311 5594 risum
333 5547 466 5610 reddebat,
493 5552 641 5613 paralyticos
664 5552 696 5602 66
721 5553 887 5602 stabilitatem
911 5557 1018 5616 corporis
1043 5557 1174 5604 reserabat
1197 5560 1224 5603 et
1246 5555 1326 5603 muita
1345 5555 1394 5603 6116
1412 5560 1472 5602 sunt
1490 5555 1546 5603 elus
1565 5555 1697 5618 miracula,
1725 5569 1864 5619 quaecum

227 5633 322 5696 scripta
343 5646 394 5683 uon
417 5635 486 5698 sint,
512 5637 589 5685 etlam
608 5651 675 5688 6666
693 5651 735 5686 666
754 5637 885 5688 bominum
904 5640 1073 5690 celebrantur.
1112 5639 1180 5690 Talis
1199 5641 1275 5700 igitur
1293 5642 1321 5689 16
1340 5641 1471 5690 ecclesiam
1489 5642 1584 5691 demini
1601 5643 1746 5704 refulgebat
1763 5649 1864 5706 666616-

1601 5743 1655 5794 12*
