4536 6196
1044 320 1213 381 VENANTI
1232 323 1450 382 FORTVNATI

767 535 832 598 qua
854 521 1042 600 penetrante
1065 516 1135 581 acie
1158 535 1193 581 se
1215 514 1366 580 machina
1388 513 1473 579 falsa
1494 513 1637 579 resolvit.

720 603 722 608 ’
768 639 865 704 saepe
889 619 986 684 etiam
1008 619 1042 684 in
1066 626 1210 684 sanctum
1233 637 1352 684 vacuos
1375 637 1490 682 acuere
1514 617 1668 682 tumultus

682 744 712 783 rs
765 721 953 788 infitiatores
975 721 1058 787 falso
1081 722 1248 788 minitante
1270 721 1412 806 flagello.

765 825 824 891 sed
847 825 993 890 fremitus
1016 825 1142 908 fragilis
1165 845 1222 910 per
1243 824 1353 890 inania
1375 822 1526 908 cymbala
1547 823 1643 888 tinnit

764 928 984 1013 oppositisque
1006 928 1101 993 minis
1123 928 1287 994 interritus
1308 928 1379 1012 ipse
1401 927 1539 1007 resistit,

764 1052 824 1097 nec
845 1031 981 1098 fundata
1003 1032 1097 1098 decet
1118 1039 1229 1098 contra
1250 1038 1407 1098 evacuata
1429 1031 1560 1097 moveri.

849 1135 933 1200 Hinc
955 1156 1081 1219 quoque
1103 1135 1221 1202 letiferi
1244 1136 1385 1200 suffusus
1407 1135 1485 1200 ielle
1507 1135 1624 1200 veneni

763 1238 905 1324 perfidus
927 1240 1090 1306 horribilis
1112 1246 1185 1305 trux
1207 1240 1349 1306 lubricus
1371 1238 1501 1305 invidus
1523 1239 1640 1322 anguis

763 1363 818 1408 ore
841 1343 1016 1409 omentatis
1039 1345 1210 1409 Martinum
1233 1351 1384 1428 provocat
1405 1343 1520 1407 armis:

764 1466 821 1512 cur
842 1446 961 1512 habeat
983 1448 1157 1512 monachos
1179 1467 1313 1512 oneroso
1336 1446 1470 1512 crimine
1487 1451 1643 1531 'pressosi

764 1569 819 1615 eur
841 1551 1006 1616 maculosa
1028 1552 1140 1616 cohors
1163 1551 1287 1616 habitet
1309 1551 1363 1635 pia
1386 1557 1500 1635 saepta
1521 1550 1690 1632 magistri?

762 1673 803 1718 ne
826 1673 883 1720 rea
904 1654 998 1719 turba
1020 1654 1116 1719 malis
1138 1655 1236 1720 violet
1258 1654 1418 1720 consortia
1439 1653 1515 1718 insti

763 1757 909 1824 morbida
932 1778 995 1823 neu
1018 1758 1159 1840 reliquos
1183 1757 1253 1824 vitii
1276 1757 1425 1840 contagia
1448 1756 1573 1837 lucent,

762 1861 817 1944 qui
839 1861 924 1927 male
947 1862 1122 1946 polluerint
1142 1861 1265 1927 lavacri
1287 1860 1483 1928 venerabilis
1505 1859 1624 1926 undem

762 1984 800 2029 ac
824 1983 883 2029 sua
904 1965 1104 2049 perdiderint
1123 1965 1319 2050 baptismata
1341 1964 1474 2030 crimine
1497 1965 1612 2044 mersi,

761 2087 821 2132 nec
842 2067 897 2132 via
920 2069 962 2134 sit
984 2067 1099 2134 veniae
1121 2068 1217 2153 periit
1237 2067 1354 2151 quibus
1376 2068 1479 2133 orbita
1501 2067 1622 2151 lapsis,

761 2191 833 2236 cum
857 2171 957 2237 semel
980 2171 1013 2235 in
1036 2170 1163 2236 foveam
1185 2171 1240 2236 vix
1263 2171 1306 2236 sit
1327 2191 1480 2237 revocare
1503 2178 1648 2236 ruentem

762 2295 801 2340 ac
823 2295 927 2359 neque
951 2274 1077 2340 restitui
1099 2282 1226 2341 vastato
1249 2275 1282 2339 in
1305 2295 1436 2360 corpore
1458 2273 1586 2355 florem,

761 2399 821 2444 nec
843 2378 955 2444 redeat
976 2379 1104 2445 miseris
1127 2379 1211 2443 ultra
1232 2377 1434 2461 indulgentia
1456 2378 1587 2444 Christi.

760 2489 836 2548 tunc
858 2482 1014 2548 Martinus
1035 2483 1083 2548 ait
1103 2484 1184 2549 baec
1207 2489 1316 2548 eontra
1338 2482 1505 2548 daemonis
1527 2481 1624 2547 iram:

765 2585 902 2671 ‘perfide
925 2586 1107 2670 desipiens,
1134 2586 1209 2670 quia
1231 2607 1294 2652 non
1316 2593 1372 2651 tua
1395 2586 1561 2651 commoda
1583 2587 1704 2666 cernis,

760 2689 862 2754 hostis
884 2689 994 2771 inique
1016 2689 1093 2772 tibi,
1119 2690 1176 2755 tibi
1199 2689 1294 2755 noxie
1316 2696 1349 2755 te
1371 2696 1543 2773 pereunte:

693 2817 705 2855 s
759 2793 787 2857 si
811 2813 895 2858 nuno
917 2792 1103 2877 paeniteas,
1131 2792 1159 2858 si
1182 2813 1267 2858 nunc
1288 2793 1478 2877 resipiscere
1501 2773 1620 2874 uelles,

758 2896 972 2981 praecipitare
994 2895 1119 2961 animas
1142 2896 1263 2962 utiam
1285 2917 1343 2982 per
1366 2897 1499 2961 crimina
1520 2895 1624 2961 nolles

759 3021 819 3066 nec
839 3007 896 3066 tua
919 3000 1077 3066 servirent
1099 3000 1226 3066 alienae
1249 3001 1316 3065 tela
1337 3000 1449 3067 minae

759 3124 945 3187 erroresque
967 3110 1040 3169 tuos
1062 3103 1234 3170 damnares
1257 3102 1368 3170 ultime
1390 3104 1504 3186 iudex,

758 3207 799 3273 de
821 3207 942 3293 pietate
965 3206 1019 3273 dei
1040 3207 1145 3273 fidens
1167 3207 1350 3293 promittere
1373 3227 1519 3292 possem,

757 3318 793 3377 ut
813 3311 872 3377 tibi
894 3318 959 3376 tam
982 3311 1099 3376 misero
1122 3311 1269 3377 misereri
1292 3311 1438 3376 Christus
1461 3310 1595 3377 baberet

758 3422 791 3482 et
812 3415 875 3481 cito
898 3415 1032 3481 donaret
1055 3415 1214 3481 scelerata
1235 3414 1365 3498 piacula
1387 3415 1513 3499 culpae.

526 3627 600 3690 aurp.
622 3627 680 3678 Sco.
707 3627 734 3676 V.
757 3624 792 3673 lli.

421 3767 541 3816 orationis
559 3769 656 3817 anxilio
673 3767 828 3828 protegebat.
874 3765 908 3827 (2)
929 3764 1097 3814 audiebantur
1119 3765 1268 3827 plerumque
1293 3765 1420 3825 convicia,
1446 3765 1540 3826 qulbus
1563 3765 1636 3812 lllunr
1659 3765 1732 3812 turba
1756 3763 1905 3814 daemonum
1929 3767 2056 3826 protervis

422 3854 523 3901 vocibus
541 3855 702 3916 increpabat:
724 3854 768 3902 sed
786 3854 869 3900 omnia
886 3853 948 3900 salsa
966 3855 993 3900 et
1010 3866 1075 3900 varra
1092 3864 1240 3912 cognoscens
1259 3864 1308 3898 nou
1327 3852 1473 3898 movebatur
1489 3851 1602 3899 obiectis.

360 3925 363 3930 ¹
490 3939 531 4001 22,
552 3941 568 3988 3
587 3939 755 3988 Testabantur
773 3941 849 3986 etiarn
867 3938 946 3999 aliqui
964 3952 997 3986 sx
1016 3937 1149 3997 iratribus,
1176 3935 1277 3983 audisse
1296 3950 1322 3982 se
1341 3936 1485 3984 daemonem
1504 3936 1626 3997 protervis
1644 3933 1780 3984 Martinam
1799 3938 1902 3986 vocibus
1920 3937 2055 4000 increpan-

420 4029 486 4088 tem,
506 4039 551 4074 cnr
568 4026 634 4075 intra
653 4027 831 4074 monasterium
850 4023 946 4085 aliquos
965 4037 996 4071 ex
1015 4025 1147 4085 iratribus,
1168 4022 1213 4084 qui
1232 4022 1289 4069 olim
1307 4023 1463 4083 baptismum
1481 4021 1587 4070 diuersis
1605 4023 1728 4070 erroribus
1745 4023 1926 4084 perdidissent,
1947 4037 2055 4072 conver-

421 4125 460 4159 sos
483 4116 571 4174 postea
595 4114 747 4176 recepisset,
773 4114 941 4174 exponentem
964 4111 1068 4158 crimina
1086 4108 1250 4170 singulorum.
1291 4108 1324 4170 (l)
1346 4106 1481 4156 Martinam
1499 4108 1595 4157 diabolo
1613 4115 1794 4170 repugnantem
1813 4110 1974 4172 reapondisse
1992 4105 2055 4158 eorr-

420 4202 530 4259 stantm,
556 4200 660 4260 antique
683 4199 777 4248 delicta
800 4197 911 4245 melioris
934 4198 1001 4245 vitae
1025 4198 1213 4245 conversatione
1239 4195 1352 4257 purgari,
1380 4199 1407 4241 et
1424 4207 1469 4257 per
1487 4195 1681 4243 misericordiam
1699 4195 1795 4244 domini
1814 4196 1977 4245 absolvendos
1997 4211 2055 4245 esse

419 4285 545 4345 peccetis,
566 4285 610 4346 qui
630 4297 731 4347 peccare
750 4283 882 4331 desierint.
919 4287 1005 4330 eontra
1023 4281 1123 4331 dicente
1141 4281 1253 4342 diabolo,
1273 4293 1321 4328 non
1340 4281 1467 4342 pertinere
1484 4280 1516 4327 ad
1534 4283 1633 4329 veniam
1650 4283 1812 4343 criminosos,
1832 4282 1953 4340 sesemel
1971 4282 2054 4342 lapsis

420 4369 515 4416 nullam
533 4383 548 4416 a
566 4369 666 4418 domino
683 4371 805 4432 praestari
823 4382 896 4432 posse
914 4368 1083 4431 clementiam,
1103 4374 1166 4416 tuno
1184 4369 1211 4415 in
1229 4367 1294 4414 banc
1312 4380 1395 4415 vocent
1414 4367 1495 4415 iertur
1512 4367 1665 4416 exclamasse
1678 4368 1817 4418 Martinus:
1841 4368 1874 4430 (5)
1893 4368 1930 4416 ‘si
1943 4374 1972 4416 tu
1985 4370 2050 4431 ipse,

419 4455 583 4517 miserabilis,
611 4456 642 4503 ab
660 4456 788 4504 hominurn
806 4456 971 4504 insectatione
989 4455 1124 4504 desisteres
1142 4459 1169 4516 et
1186 4458 1212 4501 te
1229 4455 1350 4501 sactorum
1368 4458 1469 4512 tuorum
1489 4453 1591 4516 velhoc
1609 4459 1734 4516 tempore,
1761 4469 1819 4504 cunr
1845 4454 1898 4502 dies
1916 4453 2005 4502 iudicii
2026 4457 2054 4502 in

418 4541 531 4601 proximo
549 4547 602 4604 est,
630 4541 786 4604 paeniteret,
812 4555 858 4601 ego
882 4543 930 4590 tibl
954 4555 1013 4588 vere
1036 4543 1144 4589 conlisus
1166 4541 1193 4586 irr
1218 4539 1316 4588 domino
1337 4540 1398 4587 Iesu
1416 4537 1515 4588 Christo
1539 4541 1731 4588 misericordiam
1755 4539 1904 4602 pollicerer'.
1943 4554 2053 4602 oquam

421 4631 507 4675 sancta
525 4628 557 4676 de
575 4629 669 4677 domini
687 4629 782 4691 pietate
800 4629 979 4692 praesumptio,
1000 4629 1028 4676 in
1047 4641 1097 4689 qua
1115 4629 1164 4675 etsi
1183 4627 1355 4674 auctoritatem
1373 4631 1500 4688 praestare
1519 4640 1568 4675 non
1586 4629 1679 4689 potnit,
1699 4627 1810 4687 ostendit
1827 4628 1953 4675 aiisetnm.

490 4955 537 5006 173
556 4971 621 5019 quae
639 4955 693 5004 PL¹
802 4955 850 5004 174
868 4961 983 5004 sanctum
1001 4951 1034 5021 L]
1052 4961 1137 5004 sancto
1156 4953 1259 5014 NBbffl,
1280 4959 1378 5005 sanctos
1397 4955 1419 5002 P
1524 4953 1572 5003 1¹15
1591 4955 1733 5003 irrlltiatorls
1753 4953 1788 5015 lii,
1809 4955 1954 5003 inficiatoris
1973 4953 2017 5004 BS

418 5041 627 5104 minidanteNM,
650 5043 773 5090 miniante
786 5038 825 5088 1²2
931 5040 978 5090 177
997 5040 1208 5102 obpositisqueN
1311 5040 1361 5090 178
1379 5040 1500 5089 mundata
1515 5038 1545 5086 ΡΙ
1652 5047 1739 5088 conata
1759 5041 1782 5089 N
1886 5041 1934 5090 179
1954 5055 2006 5088 urrr
2020 5041 2050 5104 P,

418 5141 458 5176 urr
478 5127 532 5176 ΝΜ
634 5139 819 5175 sxraoannrro
837 5140 947 5175 uranonr
966 5126 991 5174 N
1096 5125 1145 5175 182
1163 5127 1297 5174 monachus
1317 5125 1352 5188 M,
1373 5127 1544 5174 mossuaclrus
1564 5127 1636 5189 [eros
1651 5127 1690 5188 cir)
1714 5127 1738 5176 N
1839 5141 1942 5190 pressus
1961 5125 2055 5175 ΝΜΡ2

420 5214 467 5263 181
486 5215 546 5262 mali
565 5213 730 5262 Mammosam
836 5213 885 5263 185
904 5227 952 5262 neo
970 5210 1010 5274 ΡΙ,
1031 5226 1076 5261 seu
1097 5209 1124 5258 Μ
1227 5215 1314 5261 lucent
1327 5209 1376 5278 1²2]
1396 5213 1498 5261 fuscent
1512 5209 1553 5274 Li,
1575 5215 1665 5272 lugent
1681 5215 1736 5263 rell.
1846 5211 1894 5262 186
1912 5214 2053 5276 polluerint

418 5297 485 5367 ΡΨ]
503 5301 644 5363 polluerent
661 5302 715 5350 reli.
824 5299 871 5349 181
889 5300 1038 5347 babtismate
1056 5297 1120 5346 PNS
1225 5298 1273 5348 188
1292 5313 1324 5346 rre
1344 5298 1367 5345 P
1471 5299 1520 5348 189
1539 5296 1584 5366 sit]
1602 5303 1641 5348 est
1658 5299 1729 5350 codd.
1839 5298 1884 5347 191
1906 5300 2012 5350 redeant
2031 5301 2055 5347 P

419 5387 467 5436 192
486 5393 541 5436 tnm
561 5386 632 5435 NMS
773 5385 821 5435 194
840 5387 952 5434 tibitibi
970 5385 1045 5434 noxie
1063 5391 1088 5432 te
1108 5381 1175 5451 Nat]
1201 5387 1248 5433 tlbl
1267 5386 1312 5434 tibi
1331 5388 1421 5434 noxiae
1439 5385 1469 5449 P,
1491 5388 1537 5434 tibi
1556 5387 1632 5434 noxie
1650 5391 1675 5435 te
1694 5385 1779 5448 ubit,
1801 5387 1849 5434 tibi
1868 5387 1959 5434 noxiae
1978 5394 2006 5436 te
2025 5387 2056 5434 M

419 5473 467 5522 195
485 5479 621 5535 poenetess
640 5473 664 5521 N
768 5474 847 5522 uelles
865 5468 923 5537 BL]
941 5472 1015 5519 uellls
1034 5470 1115 5531 PNM,
1142 5471 1243 5519 uellsd
1358 5471 1406 5521 196
1425 5473 1534 5521 clsmins
1552 5473 1644 5520 nollem
1664 5470 1686 5518 P
1791 5471 1837 5520 197
1857 5474 1986 5521 seruirent
2008 5472 2055 5542 12²]

416 5561 610 5610 saeuirentreit.
719 5557 767 5608 198
785 5559 916 5607 damnatos
935 5555 965 5604 Ρι
1068 5558 1159 5606 ultime
1178 5561 1195 5607 i.
1216 5573 1236 5609 e.
1258 5559 1358 5606 tandem
1466 5558 1514 5607 199
1532 5561 1627 5621 pietate
1644 5563 1741 5620 praeter
1758 5559 1784 5622 pl
1803 5561 1819 5608 ι’.
1834 5574 1883 5607 ros.
1907 5563 1968 5609 lm.
1994 5561 2019 5610 N

414 5661 513 5711 possem
532 5643 577 5713 19]
595 5647 687 5708 possim
705 5646 760 5695 reti.
867 5642 914 5692 201
934 5643 995 5704 sort.
1016 5645 1136 5692 scelerate
